2325 4075
354 937 577 997 ACTIONIS
594 937 634 994 11.
650 937 731 993 LIB.
749 938 802 1005 IV,
828 952 880 1005 721

276 1041 309 1106 id
320 1043 374 1104 viri
392 1059 483 1121 neque
492 1036 597 1115 vidisse,
609 1056 699 1117 noque
714 1035 789 1098 nolle
802 1052 884 1119 pote·

279 1145 354 1191 rant.
382 1125 492 1208 qualem
503 1125 670 1206 porroillam
681 1123 832 1186 foeminam
840 1125 884 1185 fu·

279 1213 882 1296 isseputatis‚Judiceslquampudicam‚quae

279 1322 342 1362 cum
352 1300 706 1380 Verreloquereturlquam
715 1298 880 1378 religiosam,

278 1409 351 1469 quae
366 1384 474 1447 sacrarii
485 1386 619 1469 spoliandi
634 1384 788 1448 ostenderet
795 1389 880 1447 ratio·

277 1476 357 1536 nem?
370 1490 400 1534 at
412 1476 526 1535 minime
542 1475 654 1545 mirum,
666 1493 736 1552 qaae
750 1471 822 1534 sacra
831 1495 880 1554 per

277 1559 410 1622 summam
418 1560 606 1622 castimoniam
614 1560 748 1634 virorum,
760 1580 791 1618 ac
799 1561 881 1619 muli·

278 1668 357 1708 erum
365 1646 444 1722 liant,
455 1646 548 1705 eadem
564 1642 695 1726 petillius
705 1643 837 1726 stuprum,
849 1667 881 1706 ac

230 1757 266 1812 4⁶
278 1734 412 1811 flagitium
420 1731 592 1792 elseviolata.
661 1731 880 1812 Quidergo?hoc

278 1819 368 1881 solum
377 1819 519 1879 auditione
526 1835 654 1897 expetere
661 1821 765 1900 coepit,
780 1841 842 1880 cum
850 1820 878 1879 id

276 1906 334 1988 ipse
345 1927 404 1966 non
419 1904 539 1965 vidisset?
556 1908 643 1967 immo
657 1906 786 1966 veroalia
801 1927 879 1965 com·

275 1994 374 2076 plura:
395 1992 545 2072 exquibus
566 1993 666 2071 eligam
685 1990 878 2073 spoliationem

276 2081 444 2154 nobilissimi,
459 2094 542 2159 atque
558 2080 733 2158 antiquissimi
749 2080 822 2140 fani:
844 2081 879 2140 de

276 2187 333 2248 qua
341 2167 433 2246 priore
445 2167 553 2225 asiione
562 2164 641 2225 testes
649 2165 739 2225 dicere
754 2166 875 2228 audistis.

275 2274 354 2315 nunc
364 2251 458 2312 eadem
467 2249 651 2330 illa‚·quaeso‚
666 2251 768 2326 audite,
781 2253 878 2313 etdili·

274 2357 390 2418 genter,
411 2337 477 2397 sicut
493 2339 580 2398 ailhuc
596 2336 707 2413 fecistis,
729 2339 875 2401 attendite.

273 2424 363 2486 insula
378 2424 415 2484 est
431 2423 539 2500 Melita,
554 2424 678 2500 Judioes,
694 2423 756 2484 satis
768 2425 827 2487 lato
842 2427 876 2486 ab

273 2511 365 2573 Sicilia
373 2511 451 2583 mari,
467 2506 674 2590 periculosoque
680 2511 832 2588 disjunsia:
846 2516 876 2573 in

273 2597 374 2678 quaest
382 2597 601 2657 eodemnomine
609 2597 753 2677 oppidum,
761 2602 819 2678 quo
829 2599 876 2659 isle

274 2706 419 2766 nunquam
429 2683 548 2743 accessit:
565 2683 641 2762 quod
657 2699 748 2745 tamen
764 2684 804 2745 isti
814 2703 874 2747 tex·

274 2773 378 2832 trinum
386 2790 433 2851 per
441 2771 592 2829 triennium
600 2770 634 2830 ad
650 2771 807 2832 muliebrem
815 2774 874 2835 ves·

273 2871 330 2919 tem
338 2856 537 2918 conficiendam
546 2856 608 2917 suit.
617 2860 650 2916 ab
658 2878 691 2918 eo
698 2859 804 2939 oppido
813 2883 873 2921 non

273 2944 369 3023 longe,
379 2946 410 3004 in
418 2946 625 3023 promontorio,
635 2943 730 3005 sanum
738 2944 775 3004 est
783 2955 874 3020 Juno-

272 3033 319 3093 nis
327 3030 574 3109 antiquumaquod
581 3047 658 3091 tanta
666 3031 798 3108 religione
806 3031 874 3093 sem·

249 3180 254 3195 ,
272 3138 322 3200 per
333 3117 397 3193 fuit,
408 3134 439 3176 ut
451 3137 511 3176 non
526 3116 613 3176 modo
628 3119 682 3177 illis
694 3119 804 3176 Punicis
816 3119 874 3178 bel·

271 3205 320 3280 lis,
333 3225 401 3285 quae
409 3205 439 3262 in
447 3206 489 3263 his
498 3203 553 3262 sere
560 3203 630 3263 locis
640 3203 733 3263 navali
739 3206 824 3280 cooia
831 3225 880 3275 Qa-

268 3291 319 3373 sta,
335 3307 419 3374 atque
428 3288 538 3354 versata
544 3288 633 3352 sunu
648 3288 957 3391 seooixam'mmgffi

400 3390 421 3429 ⁴
567 3382 638 3446 ui
879 3388 957 3493 {fail
