2325 4075
807 610 916 670 540
1085 595 1207 653 1N
1276 595 1767 653 VERREM

816 697 971 779 quod
1003 698 1237 758 maxime
1259 699 1370 773 vis,
1403 696 1580 776 poss'es
1610 701 1870 778 probare,
1892 700 1932 759 h

820 786 889 847 ad
911 786 1248 845 decumanos
1271 783 1420 843 lucra
1441 783 1667 860 veniffe,
1690 785 1829 845 nihil
1859 801 1916 846 te

820 869 997 951 tigisse
1013 891 1031 929 ε
1053 884 1241 930 tamen
1257 874 1358 931 hae
1372 874 1633 953 pecuniae
1655 891 1755 952 per
1768 874 1910 949 vim,

821 977 932 1039 que
945 957 1206 1036 injuriam
1223 972 1371 1018 tuam
1386 972 1577 1038 captae
1591 973 1647 1018 et
1668 960 1932 1021 conciliat

823 1046 927 1106 tibi
950 1043 1153 1119 fraudi,
1179 1060 1237 1103 et
1257 1042 1603 1106 damnationi
1618 1043 1723 1105 effe
1734 1044 1932 1107 debere

821 1151 948 1195 cum
972 1150 1107 1191 vero
1135 1132 1246 1191 hoe
1269 1129 1476 1210 nemini
1498 1129 1821 1213 persuadere
1837 1138 1932 1214 pol

820 1233 879 1280 te
892 1234 1005 1280 tam
1028 1231 1302 1279 amentem
1318 1215 1491 1293 fuiffe,
1513 1232 1578 1277 ut
1597 1221 1932 1299 Apronium,

817 1308 1204 1388 Turpionem,
1238 1303 1428 1365 servos
1449 1303 1706 1365 homines
1712 1346 1733 1380 ,
1752 1319 1856 1366 tuo
1884 1304 1932 1367 Ιί1

819 1411 1120 1476 torumque
1148 1406 1374 1453 tuorum
1405 1390 1654 1472 periculo
1687 1390 1932 1454 divitesfi

813 1479 986 1539 velles
999 1501 1018 1539 ε
1064 1478 1439 1539 dubitaturum
1470 1478 1804 1560 quemquam
1838 1481 1932 1540 exi

814 1585 959 1646 mas,
987 1565 1126 1646 quin
1142 1563 1252 1624 illis
1267 1561 1544 1625 emiffiariis
1566 1568 1700 1626 haec
1714 1565 1816 1625 tibi
1834 1585 1932 1628 ont

812 1652 1050 1732 pecunia
1080 1648 1316 1729 quaefita
1346 1648 1453 1711 fit?
1498 1650 1762 1729 segestam
1790 1652 1926 1714 item

811 1742 1115 1800 immunem
1146 1738 1428 1798 civitatem
1457 1739 1733 1798 Venerius
1765 1744 1932 1817 Symn

812 1828 950 1887 chus
965 1825 1302 1887 decumanus
1328 1827 1664 1885 immittitur.
1682 1826 1730 1885 is
1748 1827 1817 1884 ab
1834 1823 1932 1887 isto

808 1929 957 1975 teras
985 1910 1165 1987 affert,
1191 1926 1253 1970 ut
1282 1910 1376 1971 fibi
1409 1928 1605 1972 contra
1636 1913 1828 1971 omnia
1857 1911 1932 1974 set

806 1997 1404 2075 tus-consulta,contra
1419 1999 1764 2078 omniajura,
1789 2013 1932 2061 cont

805 2109 916 2170 que
938 2076 1117 2168 legem
1148 2087 1448 2166 Rupiliam,
1479 2102 1638 2146 extra
1655 2085 1840 2146 forum
1855 2108 1932 2147 νε·

802 2177 1058 2236 monium
1078 2175 1405 2254 promittant
1422 2187 1684 2233 aratores.
1742 2173 1930 2234 audite

802 2279 950 2323 teras
953 2305 973 2337 ,
984 2280 1119 2339 quas
1136 2258 1204 2318 ad
1222 2258 1539 2337 Segestanos
1554 2257 1778 2321 miserit.
1808 2282 1844 2322 1.
1858 2278 1878 2320 ι
1894 2278 1932 2320 τ

808 2369 848 2410 R
865 2369 900 2409 A
914 2367 950 2407 F.
974 2352 1042 2406 C.
1062 2352 1212 2404 Vna
1227 2365 1264 2404 R
1285 2365 1302 2404 1
1321 2366 1374 2405 s.
1407 2346 1497 2405 hic
1522 2347 1800 2404 Venerius
1819 2365 1932 2428 que.

801 2431 1101 2496 admodum
1116 2445 1360 2491 aratores
1379 2428 1617 2507 eluserit,
1648 2452 1721 2491 ex
1755 2452 1868 2491 una
1882 2448 1932 2514 p:

799 2523 959 2581 tione
988 2519 1233 2579 hominis
1262 2515 1497 2593 honesti,
1520 2515 1852 2598 gratiofique
1875 2540 1932 2579 cc

798 2605 1031 2668 noscite.
1064 2607 1123 2665 in
1140 2604 1336 2665 eodem
1358 2606 1506 2663 enim
1521 2625 1720 2681 genere
1737 2603 1867 2665 sunt
1883 2627 1932 2665 et

792 2708 934 2754 tera.
960 2692 1188 2753 Diocles
1204 2690 1278 2751 est
1295 2692 1749 2766 Panormitanus,
1780 2694 1932 2752 Phim

784 2780 1152 2861 cognomine,
1191 2782 1362 2838 homo
1393 2776 1634 2851 illustris,
1668 2798 1731 2836 ac
1767 2779 1932 2838 nobil

742 2867 808 2927 1⁶5
817 2886 1022 2945 agrum
1051 2869 1115 2930 in
1145 2865 1473 2948 Segestano,
1493 2863 1658 2939 (nam
1671 2883 1932 2925 commen

714 2964 819 3015 um
830 2956 905 3019 in
931 2979 1007 3023 eo
1023 2978 1179 3045 agro
1191 2960 1470 3043 nemini>
1489 2954 1844 3024 conduttum
1853 2955 1932 3021 ha*
