2325 4075
362 603 817 661 AcT10N1s11.L11³.IV.
846 599 902 677 673

297 723 373 783 tota,
384 723 498 787 propter
505 706 602 767 caelati
614 706 720 783 argenti
728 702 904 784 cupiditatem

291 817 365 860 ,reos
372 795 430 855 fieri
441 814 530 853 rerum
538 793 695 872 capitalium
703 814 711 851 t
720 812 810 870 neque
818 789 904 851 solum

299 903 365 958 reos
374 881 446 958 fieri,
459 878 504 940 sed
514 880 598 939 etiam
605 878 740 940 absentes.
759 876 903 940 Diodorus

290 961 683 1038 ,Romaesordidrtuscireum
699 977 846 1047 petronos,
860 980 902 1026 et-

290 1075 356 1138 -que
363 1052 486 1135 hospites
494 1051 617 1115 cursaret
633 1073 690 1116 rem
698 1053 829 1113 omnibus
837 1073 902 1114 nar·

292 1164 373 1206 sere.
396 1141 492 1202 literae
502 1138 726 1200 mittunturistia
733 1155 810 1220 patre
818 1143 904 1200 vehe-

291 1243 430 1301 .m·entes;
447 1230 482 1288 ab
496 1229 591 1286 amicis
604 1228 689 1299 item3
706 1224 823 1302 videret,
835 1227 903 1306 quid

293 1330 406 1394 egeret,
421 1314 455 1374 de
462 1313 593 1374 Diodoro
601 1315 661 1393 quo
676 1313 901 1393 progrederetur:

299 1423 360 1464 rem
370 1401 471 1462 claram
481 1400 545 1475 esse,
559 1416 587 1459 et
602 1396 783 1460 invidiosam:
799 1398 902 1460 inseni-

293 1511 331 1552 τε
342 1490 483 1550 hominem
492 1488 664 1567 :peritorum
675 1489 729 1548 hoc
743 1489 902 1548 unocrimi·

300 1597 350 1654 ne,
362 1573 412 1636 nifi
423 1572 545 1636 caviffet.
566 1572 772 1634 isteetiamtum
783 1588 902 1654 petrem,

299 1662 385 1728 finon
397 1662 567 1742 inpotentis,
577 1676 606 1720 at
614 1662 643 1721 in
652 1661 796 1722 bominum
804 1681 900 1724 nume·

301 1771 335 1810 ro
344 1750 469 1830 putabat:
483 1747 660 1825 adjudicium
668 1747 904 1811 nondumsesatir

297 1835 481 1904 instruxerat:
498 1836 700 1915 primusannus
711 1852 770 1895 erat
784 1836 901 1915 provin·

300 1923 374 1992 ciac:
396 1943 467 1996 non,
489 1935 519 1980 ut
531 1923 559 1980 in
577 1923 704 1995 Sthenio,
715 1924 773 1999 jem
786 1921 901 1983 refertur

300 2003 524 2092 pec'uniaitaque
532 2007 611 2067 furor
619 2008 831 2089 ejus‚paululum
841 2030 901 2071 non

299 2097 417 2177 pudore,
430 2094 473 2156 sed
481 2112 554 2155 metu
564 2117 596 2155 ac
606 2098 706 2156 timore
715 2095 844 2177 repressus
853 2096 900 2159 est.

298 2185 485 2245 condemnare
493 2182 650 2243 Diodorum
667 2203 726 2242 non
742 2183 837 2243 audet:
854 2185 902 2244 ab·

297 2268 402 2333 sentem
410 2269 444 2329 de
455 2271 507 2328 reis
515 2271 621 2329 eximit.
635 2271 777 2329 Diodorus
786 2271 901 2347 interea,

298 2373 427 2438 praetore
442 2355 503 2429 isto,
521 2376 607 2437 prope
623 2358 772 2416 triennium
784 2360 899 2434 provin·

298 2445 353 2518 ciri,
368 2443 508 2520 domoque
516 2443 613 2501 caruit.
636 2445 736 2502 caeteri
744 2464 802 2504 non
812 2442 900 2505 solum

287 2529 394 2603 -Siculi,
410 2526 455 2593 sed
466 2530 547 2589 etiam
558 2530 633 2586 cives
645 2532 762 2590 Romani
777 2533 831 2589 hoc
847 2530 899 2590 sta·

300 2629 426 2677 tuerent:
439 2615 572 2693 quoniam
580 2613 627 2674 iste
635 2631 741 2675 tantum
750 2617 899 2695 cupiditate

298 2699 662 2784 progredereturmihileise,
671 2702 749 2781 quod
757 2701 899 2782 quisquam

300 2802 422 2870 putaret,
437 2786 474 2861 se,
486 2787 561 2868 quod
569 2788 611 2847 isti
619 2789 702 2868 paulo
710 2790 796 2866 magis
809 2789 899 2867 piace·

300 2891 354 2951 ret,
369 2873 544 2949 conservare,
558 2890 606 2933 aut
621 2875 698 2934 domi
712 2874 903 2950 retinerem(-

257 2958 333 3021 eole.
400 2960 496 3023 Postea
514 2983 585 3025 vero
600 2960 936 3046 quominteiiexemm,

428 3060 446 3094 t
604 3052 661 3124 F}
