2325 4075
302 637 308 646 .
333 609 552 670 ucntouus
567 609 608 666 11.
624 609 709 666 uun.
726 607 784 664 111.
820 621 874 681 577

265 717 308 781 eti
325 712 496 800 potestatem.
526 726 656 772 neutrum
676 712 744 772 facit
764 731 872 771 eorum.

265 804 336 888 qnid
351 802 433 882 ergo?
450 799 488 860 est
502 797 618 879 aliquid,
629 797 707 878 quud
716 800 871 879 improbius

257 887 435 974 ¹fiecipoteii.
448 890 524 966 cogit
531 889 607 948 enim
613 885 780 946 Scandilium
787 885 874 966 quin·

266 973 690 1062 queilinmiiliannmmdmdcre
697 987 781 1052 ecque
787 973 874 1034 adnu-

266 1082 374 1130 nmine
385 1063 527 1144 Apronio.
549 1059 618 1142 qnid
635 1062 728 1142 pomit
737 1057 876 1140 eleganti·

257 1150 516 1231 'nosceeteptnetor
530 1146 647 1227 cupidus
661 1145 873 1209 existimationis

267 1240 370 1312 bonae,
385 1238 435 1317 qui
445 1236 480 1296 ab
499 1233 552 1294 sese
567 1254 681 1295 omnem
690 1231 873 1311 suspicionem

267 1319 816 1408 propulsuetiquiseeripeteexinsumin
823 1341 873 1381 cu·

231 1411 365 1494 ciperet?
431 1407 572 1468 Adduciua
587 1422 647 1468 erat
656 1410 688 1467 in
707 1406 873 1485 sermonem,

272 1494 873 1576 invidinmflitnperctionemdiciitatatho·

269 1583 558 1665 moimprohnautque
565 1584 701 1662 impurus,
716 1585 872 1662 Apronius,

269 1670 375 1734 socium
389 1667 441 1730 esse
455 1684 627 1750 praetorem:
650 1684 764 1728 venerat
779 1689 823 1729 res
840 1671 871 1731 in

265 1756 404 1837 judicium
412 1771 495 1836 atque
510 1753 671 1816 discrimen:
687 1754 872 1833 potestaaetat

269 1842 323 1921 issi,
346 1843 455 1904 homini
470 1844 589 1921 integro,
609 1858 692 1922 atque
711 1844 869 1916 innocenti,

269 1930 378 2007 dotant
386 1932 415 1990 in
425 1932 582 2010 Apronium
591 1950 654 1989 cum
662 1928 871 1989 animadvertis·

268 2014 321 2095 set,
334 2015 389 2078 sese
396 2016 548 2096 gravissima
555 2016 659 2077 levaret
666 2016 785 2076 infamia.
803 2017 871 2097 quid

268 2106 411 2181 excogitat
421 2106 538 2184 poenae?
550 2105 617 2183 quid
626 2102 869 2163 animadversionis

269 2192 302 2251 in
317 2191 488 2271 Apronium?
506 2192 582 2268 cogit
598 2190 764 2250 Scandilium
777 2198 869 2269 Apro·

268 2279 331 2354 nio,
347 2279 385 2337 ob
392 2275 552 2354 fingularem
560 2279 775 2356 improbitatem,
787 2293 870 2356 atque

267 2364 422 2439 audaciam,
443 2363 729 2443 praedicationemque
751 2364 870 2424 nefariae

267 2448 868 2530 societatia,H·Svmilliamercedis,acprac-

266 2537 399 2599 miidare.
424 2536 491 2615 quid
497 2535 635 2610 interfuit,
650 2540 736 2596 hotno
749 2538 869 2598 audacis·

266 2623 343 2699 sime,
357 2638 450 2682 utrum
458 2626 512 2683 hoc
520 2622 696 2684 decerneres:
709 2646 743 2681 an
752 2623 870 2702 id,quod

267 2711 413 2789 Apronius
422 2710 572 2784 dictitabat,
585 2726 643 2768 tute
651 2711 720 2768 dete
728 2709 869 2787 prosuterc·

267 2817 310 2872 re,
326 2817 359 2855 ac
369 2795 520 2856 diditarcs?
530 2817 612 2875 quem
621 2795 868 2874 hominem,s1quis

267 2882 361 2962 pudor
376 2884 406 2941 in
428 2900 467 2959 te,
489 2899 572 2964 atque
588 2882 658 2943 aden
672 2881 883 2963 sunniamctna

265 2967 364 3049 ficisset,
379 2965 439 3034 sune
451 2970 595 3060 suppiicio
610 2973 766 3039 dimittetc
777 2964 907 3032 nunde·

392 3076 414 3114 '¹'
564 3069 621 3132 Bb
