2325 4075
267 978 324 1057 356
418 978 474 1033 IN
499 975 721 1033 VERREM

266 1083 360 1161 priore
368 1079 647 1139 titioneexiiertclii
657 1078 817 1159 syracusani
824 1093 866 1140 te·

267 1166 410 1240 stimonio,
424 1163 577 1243 cujusmodi
587 1162 660 1241 ellet,
675 1164 861 1243 cognovistis;

267 1250 511 1311 tamenvobisalio
522 1251 599 1325 loco,
612 1266 645 1310 nt
658 1249 685 1309 se
700 1266 759 1310 tota
770 1270 813 1309 res
822 1254 868 1309 ha-

268 1339 343 1411 bett,
357 1332 433 1414 quod
440 1336 474 1395 td
485 1355 544 1395 enm
551 1339 691 1397 civitatem
698 1337 808 1409 attinet,
822 1336 869 1395 ‹le-

269 1420 475 1484 monstrabitur.
498 1421 657 1501 intelligetis
673 1424 763 1496 enim,
787 1421 870 1482 nnllit

269 1510 605 1587 hominibusquemqunnr
613 1507 869 1586 tantoodio,qnnn·

270 1592 392 1653 tollium
411 1592 599 1672 Syracusanis,
621 1592 722 1667 etell'e,
737 1609 766 1653 et
782 1591 868 1653 inille.

273 1682 394 1740 necuim
406 1677 483 1737 istum
495 1676 544 1738 soli
556 1680 640 1740 Siculi
655 1677 869 1759 persequuntur:
883 1681 897 1723 ⁶

273 1767 349 1827 cives
359 1768 538 1841 Rotnani,qui
546 1767 576 1823 in
585 1766 675 1824 Sicilia
683 1767 872 1840 negotiantur,

273 1850 568 1925 defendunt,diligunt,
576 1848 678 1908 solvunt
687 1848 738 1908 else
745 1852 870 1927 cupiunt.

273 1937 406 2016 primum,
420 1932 440 1993 fi
455 1930 494 1992 itn
512 1931 586 2005 ell'et,
606 1950 697 1991 tamen
712 1954 764 1991 vos
780 1936 808 1991 in
824 1937 874 1991 hac

275 2015 472 2100 quaestionede
488 2019 610 2099 pecuniis
619 2019 789 2098 repetundis,
804 2039 874 2097 quae

275 2105 412 2167 sociorum
422 2103 498 2163 cansa
506 2103 654 2163 constituta
663 2105 711 2178 est,
726 2106 784 2182 lege
799 2106 873 2181 judi·

277 2188 625 2271 eloquesociali,sociorum
637 2193 875 2270 querimonianan·

277 2277 337 2340 (lire
351 2291 501 2358 oporteret.
529 2274 573 2334 sed
589 2276 740 2354 intelligere
752 2274 877 2355 potuistis

278 2367 372 2446 priore
382 2365 489 2423 notione
497 2364 572 2423 cives
589 2368 730 2422 Romanos
742 2382 778 2423 ex
788 2361 883 2422 Sicilia.

279 2450 426 2530 plurimos,
436 2447 644 2522 honestiffimos,
660 2451 787 2508 maximis
795 2448 828 2506 de
837 2468 878 2506 re·

281 2537 345 2609 bus,
360 2532 520 2612 etquatipfi
534 2532 695 2611 accepillent
711 2535 837 2609 injurias,
852 2550 880 2591 et

280 2640 351 2699 quan
359 2616 523 2678 scirentaliis
531 2615 582 2675 ell'e
593 2617 686 2689 fatias,
702 2640 754 2696 pro
763 2617 881 2677 testimo·

282 2707 333 2766 nio
340 2705 440 2764 dicere.
463 2705 588 2777 egohoc,
601 2703 676 2781 quod
685 2704 820 2780 intelligo,
833 2712 882 2779 Juf

283 2791 370 2865 (lices,
386 2789 420 2848 fic
428 2786 580 2847 confirmo:
596 2788 767 2847 videorrnihi
775 2807 883 2865 gratum

284 2874 373 2936 leciffe
381 2874 489 2946 Siculis,
505 2873 683 2950 quodeorum
696 2875 809 2951 injurias
822 2896 884 2933 meo

284 2960 391 3045 lobore,
402 2960 559 3018 inimicitias
572 2960 694 3038 periculo
702 2958 749 3018 firn
761 2959 883 3038 persecu·

285 3062 342 3106 tut.
364 3067 425 3104 non
437 3046 528 3102 minus
547 3048 602 3104 hoc
613 3060 720 3120 gratum
731 3065 774 3103 me
786 3044 884 3103 nostris

285 3133 392 3192 civibus
400 3130 527 3206 intelligo
544 3129 649 3188 fecille:
666 3132 713 3207 qui
728 3133 782 3188 hoc
796 3128 885 3187 existi·

276 3233 370 3288 mant,
380 3218 469 3292 juris,
484 3216 630 3291 libertatis,
645 3237 746 3289 rerum,
761 3215 885 3273 fortuna·

259 3315 393 3379 tumque
403 3300 519 3367 stratum
532 3300 893 3369 salutentinilitnninnxno
