2325 4075
369 944 585 1004 ACTIONIS
602 947 642 1004 11.
661 947 744 1005 LIB.
761 947 815 1005 IV·
842 959 896 1023 733

294 1045 396 1109 fluunt.
419 1068 515 1108 eorum
527 1049 727 1127 conjunffione
742 1067 806 1129 parc
818 1049 899 1129 oppi-

295 1133 336 1210 di,
352 1155 422 1214 quae
432 1135 583 1216 appellatur
590 1134 687 1210 insula,
697 1137 765 1195 mari
773 1135 898 1213 disjunc-

296 1221 458 1299 taangusto,
474 1238 560 1302 ponte
569 1219 676 1282 cursum
687 1221 859 1300 adjungitur,
870 1237 899 1281 ct

261 1338 287 1385 5³
298 1311 469 1371 continetur.
537 1315 577 1369 Ea
586 1324 664 1369 tanta
679 1309 716 1368 est
730 1311 809 1384 urbs,
824 1323 856 1368 ut
862 1307 900 1369 'ex

298 1412 419 1475 quatuor
429 1395 540 1457 urbibus
548 1398 675 1455 maximis
691 1393 814 1454 constare
825 1394 899 1455 dica·

297 1496 360 1542 tur:
376 1502 492 1561 quarum
504 1480 607 1541 unaest
617 1501 662 1555 ea,
676 1500 758 1558 quam
767 1481 839 1557 dixi,
854 1484 899 1540 in·

297 1567 371 1629 sula:
388 1588 459 1647 quae
470 1567 579 1627 duobus
596 1569 731 1645 portubus
747 1568 848 1642 cincta,
867 1568 898 1628 in

295 1652 439 1733 utriusque
446 1655 545 1734 portis
554 1652 825 1732 ostium,aditumque
832 1672 899 1733 pro·

292 1744 367 1820 jesta
381 1739 434 1800 est:
448 1743 477 1800 in
498 1760 553 1819 qua
567 1739 668 1800 domus
680 1738 727 1815 est,
739 1760 809 1821 quae
825 1742 899 1819 regis

296 1828 431 1890 Hieronis
447 1826 511 1901 fuit,
524 1847 578 1906 qua
595 1841 735 1907 praetores
745 1829 786 1886 uti
797 1824 897 1888 solent.

295 1916 327 1975 in
338 1934 370 1974 en
385 1912 447 1974 sunt
463 1914 543 1973 aedes
559 1911 649 1973 sacrae
661 1912 836 1994 complures:
853 1910 898 1973 sed

295 1999 376 2076 duae,
395 2020 465 2081 quae
479 2001 562 2080 longe
577 2002 693 2061 caeteris
708 1999 898 2061 antecelluntc

295 2090 405 2148 Dianae
413 2109 479 2160 nna3
491 2103 520 2147 et
528 2087 623 2162 altera,
632 2108 702 2167 quae
709 2087 762 2147 fuit
771 2103 835 2146 ante
843 2086 899 2148 isti·

251 2204 253 2209 ·
296 2195 330 2233 us
340 2173 490 2235 adventum
501 2175 678 2250 ornatiffima,
691 2177 846 2235 Minervae.
867 2177 898 2235 in

295 2264 347 2321 hac
358 2259 446 2321 insula
453 2277 576 2322 extrema
583 2261 620 2321 est
629 2260 693 2320 fons
703 2282 789 2341 aquae
796 2259 898 2336 dulcis,

295 2349 340 2408 cui
348 2369 451 2408 nomen
461 2346 595 2408 Arethusa
603 2346 652 2424 est,
663 2347 815 2408 incredibili
824 2368 900 2426 mag-

295 2435 434 2511 nitudine,
446 2434 612 2514 plenisimus
624 2432 736 2513 piscium
748 2457 756 2494 t
773 2436 821 2512 qui
830 2436 898 2493 fluc-

295 2535 327 2581 tu
343 2537 420 2582 totus
438 2523 603 2602 operiretur,
616 2519 665 2580 nifi
681 2522 847 2595 munitione,
867 2540 899 2580 ac

294 2608 368 2668 mole
375 2607 495 2685 lapidum
504 2609 595 2667 amari
604 2607 759 2684 disjunctus
769 2604 844 2666 effet.
858 2604 899 2664 ai·

294 2710 354 2756 tera
361 2711 451 2754 autem
459 2693 496 2753 est
504 2696 568 2754 urbs
577 2691 726 2772 Syracufis‚
737 2694 781 2752 cui
793 2712 899 2753 nomen

293 2781 435 2843 Acradina
449 2779 499 2840 est:
515 2783 545 2840 in
565 2800 621 2860 qua
631 2779 725 2839 forum
735 2780 899 2854 maximum,

293 2867 900 2950 pulcherrimaeporticus‚ornatiffimumpry-

293 2971 418 3031 taneum,
429 2955 586 3036 ampliffima
603 2952 641 3012 est
649 2954 735 3027 curia,
752 2951 898 3032 templum·

294 3062 349 3122 que
359 3043 499 3120 egregium
519 3042 599 3118 Jovis
616 3039 750 3118 Olympii,
762 3053 898 3098 caeterae·

293 3131 432 3209 queurbis
448 3143 540 3207 partes
551 3146 609 3184 una
620 3125 676 3185 lata
692 3127 738 3185 via
753 3138 900 3205 perpetua,

293 3213 440 3294 multisque
447 3209 899 3291 transverfisdivisaeffltivaticae-

287 3295 935 3367 dificiiscontinenturaeniaeicccicwi
