2325 4075
288 966 344 1027 5²0
433 949 488 1004 IN
517 945 742 1002 VERREM

289 1055 396 1114 vivium
410 1046 600 1130 speetatiffimi,
620 1064 703 1128 atque
719 1045 893 1110 bonestiffinti

289 1141 344 1200 viri
354 1152 523 1198 tenerentur.
547 1139 612 1194 haec
624 1150 666 1210 tu,
681 1137 809 1194 omnium
820 1155 895 1210 rnorg
924 1131 929 1136 ’

290 1226 386 1286 talium
405 1221 633 1302 profligatore,
659 1244 691 1281 ae
708 1221 894 1301 perditisfime‚

290 1331 354 1371 cunt
366 1308 461 1384 scires,
476 1330 540 1368 cunt
550 1307 660 1368 audires
677 1306 814 1389 quotidie,
832 1319 895 1367 curn¹

289 1397 412 1458 videres:
427 1394 447 1454 sr
461 1394 517 1454 stne
534 1411 583 1455 tuo
600 1397 722 1454 maxinto
734 1393 845 1476 quaestu
863 1391 895 1453 fi·

290 1499 381 1556 erent,
397 1503 460 1542 cunr
475 1498 555 1541 tanto
572 1482 693 1561 periculo
711 1497 763 1540 tuo
779 1479 838 1539 fieri
848 1501 895 1562 pos

290 1584 389 1644 terere,
404 1585 485 1648 atque
498 1568 683 1628 concederes?
704 1584 732 1627 et
742 1583 850 1627 tanturn
865 1587 895 1644 af

292 1655 350 1738 pud
367 1672 394 1716 te
409 1655 534 1735 quaestus
556 1657 687 1734 Apronii,
711 1669 819 1712 tontum
835 1654 894 1731 ejus

292 1743 380 1803 sermo
397 1741 636 1821 inquinatissimus,
652 1757 679 1799 et
690 1740 896 1799 blanditi-refla-

291 1827 405 1908 gitiosae
425 1830 588 1903 valuerunt,
615 1843 645 1886 ut
666 1848 811 1906 nunquam
835 1829 895 1886 ani·

291 1936 369 1977 munt
378 1933 454 1973 tuum
462 1935 527 1974 cura
538 1931 647 1974 tuarum
659 1912 895 1984 fortunarumnor

292 2004 446 2082 gitatioque
462 2002 608 2078 tangeret?
626 2003 752 2076 cernitis,
773 1999 896 2080 judicer,

292 2087 897 2168 quodetquantumincendium,decumano·

293 2177 479 2256 rumimpetu,
495 2196 554 2233 non
571 2174 658 2235 solum
678 2196 727 2255 per
742 2195 835 2252 agros,
851 2171 896 2233 sed

286 2265 375 2325 ,etiam
393 2284 440 2341 per
457 2261 573 2341 reliquas
590 2261 716 2321 fortunas
734 2278 890 2333 aratorum3

292 2370 382 2428 neque
395 2347 481 2408 solum
491 2369 539 2429 per
547 2346 694 2424 bona‚,sed
703 2350 787 2406 etiarn
796 2348 894 2428 perju-

293 2455 324 2494 ra
340 2437 485 2503 libertatis,
507 2451 535 2494 et
549 2437 682 2508 civitatis,
703 2434 752 2493 isto
768 2450 894 2514 praetore

292 2523 449 2602 pervaserit.
473 2521 573 2580 videtis
590 2522 709 2603 pendere
721 2520 791 2580 aiios
803 2542 839 2579 ex
851 2541 893 2579 or·

292 2610 374 2666 bore:
392 2605 486 2687 pulsari
500 2609 681 2680 autemalios,
698 2623 725 2666 et
738 2609 892 2666 verberarit

291 2715 378 2772 porro
394 2693 463 2751 alios
476 2694 504 2749 in
517 2694 630 2773 publico
643 2692 788 2753 custodiri:
813 2692 893 2751 delii·

279 2782 332 2838 tui
341 2780 409 2838 alios
418 2780 448 2836 in
460 2782 608 2840 convivio:
622 2779 802 2841 condemnari
820 2779 893 2839 alios

290 2887 308 2924 a
320 2865 438 2938 medico,
453 2880 480 2922 et
498 2887 634 2945 praecone
649 2869 801 2946 praetoris:
818 2869 894 2926 bona

291 2968 383 3012 tamen
391 2953 496 3010 interea
504 2953 683 3012 nihilominus
695 2974 791 3013 eorum
800 2955 892 3013 omni·

291 3059 338 3098 um
353 3059 390 3097 ex
404 3039 476 3116 agris
492 3036 592 3097 auferri
608 3061 639 3099 ac
657 3039 749 3119 diripi.
774 3038 892 3119 quidest

289 3126 358 3187 hoc?
376 3124 470 3205 populi
480 3129 599 3186 Romani
612 3127 777 3206 imperium?
795 3125 893 3206 populi

270 3213 407 3277 ,Romani
413 3212 628 3295 ieges?judicir?
640 3212 704 3272 socii
713 3210 891 3293 fidelesipro·

264 3299 555 3374 vinciasrrburbanai
576 3325 678 3372 nonne
692 3300 790 3366 omnio
802 3300 901 3382 ponor
