2325 4075
327 978 383 1055 484
476 980 533 1035 ru
555 979 781 1035 verrem

330 1083 457 1145 civitatee
464 1102 495 1140 ac
502 1079 614 1154 liberae,
623 1082 816 1162 Centuripina,
827 1079 928 1144 Haren-

329 1191 378 1246 nu,
385 1166 535 1246 Segestana,
545 1163 928 1242 Halicienfiefflanormitau'e.

322 1271 468 1338 praeterea
485 1254 577 1313 omnis
594 1273 658 1330 ager
671 1253 778 1328 Siciliae
784 1255 929 1320 civitatum

326 1343 496 1404 decumanus
510 1336 562 1398 este
579 1339 700 1419 itemque
711 1355 776 1399 unte
784 1341 930 1422 imperium

327 1427 424 1509 populi
442 1427 563 1487 Romani
577 1424 698 1506 ipsorum
709 1425 863 1488 Siculorum
874 1447 930 1490 vub

326 1510 930 1577 rumareerinffitumfuimidereuuncuu·

323 1604 420 1682 jurum
437 1597 614 1679 sapientiamr
637 1599 701 1677 qui,
719 1619 782 1659 cum
797 1601 928 1679 Siciliam,

327 1706 385 1749 tam
399 1702 588 1767 opportunum
600 1683 743 1745 subsidium
757 1685 832 1762 belli,
846 1699 929 1769 utqu'e

327 1777 416 1857 pacis,
424 1773 458 1833 ad
466 1773 660 1853 rempublicam
668 1771 928 1852 adjunxiffenrfianj-

324 1877 359 1921 ea
374 1882 438 1921 cura
452 1860 558 1919 Siculos
575 1860 646 1918 tueri
660 1869 690 1919 et'
700 1860 817 1920 retinere
831 1863 928 1922 νοΙιιεὁ

325 1963 409 2023 runt,
419 1961 451 2005 ut
459 1966 519 2006 non
527 1944 613 2005 modo
620 1953 717 2006 eurum
733 1947 804 2023 agris
813 1947 928 2028 vefflgel

325 2055 433 2097 novum
442 2033 548 2094 nullum
554 2031 787 2114 imponerent,sed
795 2040 831 2092 ire
837 2032 928 2113 legem

326 2120 438 2202 quidem
456 2119 631 2180 venditionis
647 2120 834 2196 decumarum,
855 2127 928 2184 uev'e

324 2205 927 2288 vendendiauttempus,aut'locumcommu·

324 2310 433 2357 tarent:
442 2310 475 2355 ut
483 2309 559 2355 certo
567 2293 775 2372 temporeanni,
785 2307 817 2353 ut
823 2294 927 2356 ibidem

321 2384 461 2457 insilicia,
467 2381 586 2462 denique
595 2394 625 2439 u't
631 2380 691 2458 lege
699 2380 849 2440 Hieronica
856 2391 927 2442 ver'r·

325 2471 432 2531 derent.
449 2469 599 2528 voluerunt
607 2487 655 2527 eos
663 2468 692 2526 in
700 2465 756 2526 suis
764 2469 845 2527 rebus
853 2467 927 2549 ipsor

325 2553 467 2616 intereffer
479 2574 629 2634 eorumque
637 2557 758 2627 animos,
772 2575 831 2613 non
840 2555 927 2616 mo'do

323 2642 384 2720 lege
392 2661 476 2715 nova,
492 2639 535 2700 sed
551 2661 587 2701 ne
602 2642 716 2700 nomine
731 2640 843 2719 quidem
858 2641 926 2719 legis

325 2747 403 2788 novo
412 2730 593 2787 commoveri.
616 2729 654 2786 ita
663 2726 791 2787 decumas
806 2726 865 2805 lege
874 2731 927 2789 Hi·

325 2817 437 2874 cronica
450 2812 556 2893 semper
570 2813 730 2873 vendendas
749 2811 926 2890 censuerunt,

324 2917 356 2962 ut
364 2899 552 2979 iisjucundior
563 2898 755 2959 effermuneris
762 2899 836 2960 illius
845 2901 926 2962 func·

323 2990 376 3062 tio,
394 2987 415 3046 fi
428 2988 487 3065 ejus
503 2989 586 3064 regis,
605 2988 653 3064 qui
668 2986 766 3046 siculis
778 2987 927 3049 carffimur

320 3074 386 3148 fuit,
397 3093 457 3133 non
465 3072 552 3133 solum
560 3071 866 3149 instituta‚commutaro
873 3076 927 3136 im·

322 3161 856 3244 perio‚verumetiamnomenmaneret.
872 3166 928 3224 hoc

305 3252 379 3330 jure
390 3265 458 3311 ante
465 3255 586 3310 Verrem
595 3262 751 3328 praetorem
762 3246 845 3307 siculi
856 3245 927 3310 sem·

295 3361 359 3420 per
372 3338 412 3404 usr
422 3338 509 3406 suntr
527 3332 835 3424 hiepr‘rmuu'xuffieum
844 3337 939 3414 urum-
