2325 4075
334 965 548 1023 ncmoms
566 964 605 1019 11.
624 963 706 1019 Lm.
724 963 778 1021 ιν.
805 977 859 1037 717

257 1090 294 1133 eo
303 1066 424 1149 Chrysae
431 1064 468 1126 est
479 1063 797 1146 fimulecrum‚praeclare
804 1066 864 1129 fac·

261 1175 350 1218 eume
365 1174 511 1214 marmore.
535 1151 563 1213 id
574 1150 620 1212 iste
634 1151 745 1234 poscere
757 1152 866 1215 Affori·

260 1264 316 1305 nos
324 1257 438 1324 propter
445 1240 606 1319 fingulerem
613 1240 738 1319 ejusfani
753 1242 864 1322 religio·

261 1351 326 1392 nem
338 1350 396 1389 non
406 1326 485 1389 ausus
493 1326 540 1388 est.
563 1327 731 1407 Tlepolemo
738 1325 798 1406 dat,
810 1330 864 1390 Hi·

262 1419 399 1497 eronique
407 1417 561 1495 negotium.
574 1414 615 1474 ini
624 1419 720 1490 noenu,
728 1413 798 1475 fam
806 1435 865 1476 ma·

263 1527 314 1580 nu,
329 1505 483 1582 armatique
497 1504 630 1562 veniunt:
654 1500 729 1560 fores
741 1501 814 1561 aedis
825 1499 868 1563 es·

263 1592 408 1668 fringunt:
433 1588 549 1662 aeditui,
570 1584 747 1665 custodesque
760 1602 868 1648 mature

265 1678 406 1739 sentiunt:
425 1673 543 1753 sgnum,
555 1671 633 1752 quod
648 1687 706 1732 eret
717 1688 816 1734 notum
825 1675 869 1734 vi-

266 1765 386 1837 cinitati,
394 1762 511 1821 buccine
518 1759 610 1820 datur:
619 1761 745 1819 homines
753 1779 789 1820 ex
796 1763 869 1840 agris

267 1845 871 1929 concurrunt:ejicitur‚fugaturqueTlepo·

268 1938 373 1999 lemue:
387 1956 477 2016 neque
486 1934 637 2015 quidquam
653 1953 689 1993 ex
704 1933 771 1993 fano
780 1937 871 2015 Chry·

269 2026 323 2098 sae,
336 2038 443 2103 praeter
453 2043 539 2082 unum
556 2019 748 2101 perparvulum
765 2018 872 2100 fignum

270 2129 386 2184 exacte,
394 2107 572 2167 defideratum
580 2104 628 2165 est.
645 2110 744 2166 Matris
757 2127 873 2185 magnae

271 2198 367 2258 fanum
375 2194 448 2274 apud
458 2194 603 2270 Enguinos
615 2191 662 2251 est.
673 2193 731 2270 jam
739 2194 813 2252 enim
821 2196 873 2253 mi·

272 2287 302 2345 hi
312 2304 371 2343 non
381 2280 593 2341 modobreviter
603 2278 816 2359 deunoquoque
832 2280 874 2340 di·

274 2365 877 2445 cendum‚sedetiampraetereundavidentur

274 2456 327 2516 effe
335 2455 480 2536 permulta,
490 2467 524 2511 ut
538 2451 573 2511 ad
588 2452 695 2531 majora
708 2452 794 2530 istius,
806 2455 876 2514 etil-

276 2543 402 2603 lustriora
417 2544 447 2599 in
464 2544 517 2599 hoc
532 2558 632 2617 genere
646 2538 730 2617 furta,
741 2558 768 2600 et
780 2540 878 2602 scelera

276 2631 432 2691 veniamus.
457 2630 487 2686 in
500 2630 553 2686 hoc
570 2625 638 2686 fano
653 2625 764 2703 loricas,
776 2627 877 2706 galeas-

279 2738 333 2797 que
353 2734 462 2788 aeneas,
482 2713 599 2774 caelatas
617 2731 700 2792 opere
718 2718 880 2794 Corinthio,

278 2801 443 2883 hydriasque
451 2799 581 2877 grandes,
590 2798 667 2859 sunili
676 2802 704 2859 in
714 2822 823 2879 genere,
838 2818 880 2862 at·

279 2911 335 2971 que
343 2888 435 2948 eadem
443 2903 502 2948 arte
511 2886 653 2966 permen,
660 2884 731 2948 idem
740 2890 883 2948 mensn-

279 2980 341 3059 pio,
358 2978 402 3035 vir
417 2976 546 3034 omnibus
566 2975 648 3033 rebus
666 2974 884 3055 praecellentiffi-

281 3060 495 3143 mus,posuerat,
506 3077 536 3120 et
544 3059 621 3119 suum
629 3082 732 3121 nomen
743 3059 885 3141 inscripse-

282 3165 337 3212 rat.
362 3149 428 3229 quid
444 3150 501 3227 jam
517 3149 550 3207 de
566 3147 617 3207 isto
632 3148 711 3227 plura
726 3149 824 3221 dicam,
839 3163 888 3207 aut

281 3239 397 3320 querar?
408 3239 502 3295 omnia
511 3235 571 3312 illa,
582 3233 905 3313 1x1&eee,elffin·.nx-

277 3324 319 3386 nil
326 3327 358 3388 in
370 3324 422 3388 reli
426 3322 580 3411 giofiffimo
588 3323 663 3386 Seno
670 3307 944 3404 ,genexeeneffixe'ess
