2325 4075
379 1025 437 1099 ηας
490 1021 828 1079 ·ιΝνΕιιηΜ
876 1023 880 1032 ·
920 1059 925 1066 -

383 1122 966 1206 optundosenutuucdenumeroveterumn

383 1230 524 1274 novorum
531 1210 617 1270 dedit.
640 1211 679 1270 ibi
687 1231 747 1270 non
754 1208 841 1269 solum
849 1207 906 1286 iste,
917 1227 966 1272 utu

384 1296 582 1377 pdaetuor,
588 1298 733 1374 pecuniam
743 1298 868 1375 accepim
880 1293 966 1356 sederi

383 1401 430 1443 nm
440 1398 673 1459 genernveterum
682 1401 715 1443 tc
726 1381 877 1455 novorum,
889 1381 966 1443 num<

381 1467 696 1547 iainqueprrmiscoitz=
720 1466 966 1548 Noliteurspeffln

384 1554 452 1614 dum
465 1573 563 1613 omnen
574 1557 672 1615 obeam
683 1551 811 1615 oraiiond
821 1555 966 1615 nonduin

385 1653 439 1700 ter.
455 1643 577 1700 hocuno
583 1639 966 1720 compieeiorciimine'omnir

385 1729 526 1787 neminem
544 1725 596 1786 isto
614 1742 740 1806 praetore
758 1726 910 1784 senatorem
928 1725 966 1784 fier

387 1812 515 1893 potuiffe,
530 1811 580 1871 nifi
594 1814 643 1891 qui
656 1812 697 1872 isti
710 1815 853 1891 pecuniam
864 1810 966 1871 dedisse

387 1900 443 1957 hoc
450 1898 523 1957 idem
531 1898 667 1957 transfero
676 1901 706 1956 in
714 1897 896 1973 magistratus,
910 1917 966 1956 cun

388 1985 493 2059 tiones,
507 1981 672 2044 sacerdotia:
684 1986 785 2064 quibus
796 1986 829 2042 in
836 1986 917 2043 rebus
929 2003 966 2042 no

387 2067 625 2129 solumhominum
639 2071 713 2147 jura,
728 2070 861 2130 se'detiam
872 2070 966 2129 deorur

388 2156 536 2234 religiones
548 2157 743 2216 immortalium
754 2177 851 2216 omnes
864 2156 966 2235 repudii

390 2243 444 2302 vit.
468 2242 603 2320 Syracufis
615 2242 706 2302 lexest
715 2244 750 2301 de
766 2245 910 2319 religione,
922 2262 966 2320 qu:

387 2328 421 2388 in
430 2349 521 2388 annos
528 2329 649 2406 singulos
658 2331 737 2405 Jovis
751 2328 918 2390 sacerdotem
934 2326 966 2386 so:

391 2415 446 2475 tito
455 2417 513 2495 cupi
519 2417 642 2493 jubebat:
652 2415 727 2493 quod
735 2417 806 2495 apud
814 2415 879 2474 illos
885 2414 966 2493 ampli

391 2499 487 2560 fimum
495 2499 671 2560 sacerdotium
679 2504 801 2581 putaturss
825 2499 966 2559 cumsuffn

392 2588 448 2662 giis
456 2601 555 2645 tresex
563 2588 650 2644 tribus
662 2590 807 2664 generibus
824 2589 907 2644 creati
920 2585 966 2644 sun

277 2740 280 2746 Ι
393 2691 437 2729 res
447 2686 594 2731 revomtur
603 2671 638 2729 ad
651 2671 762 2734 sortem.
786 2673 936 2753 perfecerat
948 2673 966 2730 ii

392 2756 520 2835 imperio,
535 2772 566 2814 ut
582 2777 634 2836 pro
649 2755 777 2837 suffragio
792 2757 966 2817 Theomnasti

394 2840 535 2901 fanrilians
544 2839 606 2901 suus
616 2844 645 2901 in
658 2846 745 2904 tribus
757 2845 810 2903 illis
823 2846 966 2902 renuntiat

394 2941 452 2987 tur.
476 2927 506 2985 in
514 2926 599 3003 sorte,
611 2930 655 2986 cui
663 2931 795 3009 imperare
804 2952 862 2988 non
874 2946 966 3010 potera

395 3009 587 3091 exspefiinbant
598 3017 736 3090 homines,
749 3017 880 3095 quidnam
889 3020 966 3073 antur

394 3094 589 3174 effet..homo‚
608 3101 636 3160 id
652 3103 728 3180 qnod
748 3117 807 3160 erat
823 3101 966 3159 facillimut

398 3184 489 3259 primo
501 3200 576 3245 vetat
587 3185 696 3247 sortiri:
709 3189 788 3266 jubet
802 3203 882 3246 extra
898 3184 966 3244 forie

397 3270 616 3332 Theomnastum
624 3277 787 3334 renuntiari.
800 3289 903 3353 negant
912 3272 964 3333 ids

402 3357 526 3420 racusani
543 3379 594 3440 per
611 3359 758 3437 religiones
782 3359 921 3420 sacrorum
940 3358 966 3417 ul
