2325 4075
214 821 238 834 ς...

351 951 804 1042 AcT10N1s1umu.11L
834 951 883 1026 581

279 1078 326 1120 m
337 1058 448 1118 veniam
456 1053 658 1132 conditionem.
670 1053 829 1136 nihilputac
836 1075 886 1115 va·

280 1144 337 1206 lere
347 1145 379 1204 in
391 1141 504 1223 judiciis
516 1143 714 1222 conjcduram
723 1142 792 1202 nihil
802 1140 887 1222 suspi-

279 1228 474 1304 ciduemmihil
483 1228 887 1290 anteafluevitacexistimatio·

280 1315 429 1392 nemmihil
441 1319 578 1376 bonorum
586 1318 711 1376 virorum
719 1313 886 1389 testimonia,

280 1402 505 1466 nihilciv'it'atum
520 1403 711 1479 nudoritatcc,
723 1424 755 1463 ac
765 1401 887 1463 testimo-

281 1488 887 1570 uictliterasmanifestanquaericmonquuc·

281 1574 433 1658 rejudices
444 1575 610 1637 mammos:
629 1591 753 1636 veterum
762 1575 886 1653 judicio·

282 1683 345 1724 rum
355 1661 532 1722 'severitatem
549 1683 609 1723 non
625 1665 752 1743 requiret
772 1661 888 1722 vestram

282 1752 314 1810 in
325 1753 381 1811 hoc
391 1748 485 1824 fidem,
496 1750 670 1827 dignitatem,
685 1749 849 1827 religionem
856 1750 887 1808 in

279 1834 437 1916 judicando
446 1856 505 1895 non
514 1836 652 1917 imploro:
666 1836 763 1896 Albam
780 1837 888 1895 habebo

281 1922 416 2001 judicem,
427 1943 488 1983 cum
496 1925 648 2000 hominem,
659 1925 706 2003 qui
718 1920 808 2005 seipse
815 1922 890 1984 scur-

283 2029 344 2072 ram
359 2011 583 2091 improbiffimum
595 2010 740 2072 existimari
749 2009 826 2071 vult:
840 2012 890 2091 qui

285 2095 409 2158 ascurris
417 2099 510 2177 potius
527 2098 630 2180 semper
648 2098 795 2176 gladiator,
807 2118 891 2178 quam

286 2183 381 2245 scurra
388 2185 538 2264 appellatus
553 2185 597 2246 fit.
621 2184 733 2246 afferam
750 2205 806 2243 rem
820 2183 891 2261 ejus-

284 2271 364 2332 modi
371 2273 402 2331 in
410 2271 543 2349 decumis,
555 2289 587 2332 ut
597 2273 666 2331 Alba
673 2271 802 2346 fateatur,
812 2270 891 2331 istum

285 2359 318 2417 in
334 2357 562 2436 refrumeuuria,
574 2359 642 2418 etin
655 2360 739 2417 bonis
749 2372 891 2416 aratorum

248 2444 277 2497 ⁶3
287 2459 392 2524 aperte,
404 2444 605 2525 palamqueeffe
615 2445 784 2524 praedatum.
832 2451 890 2503 Dc·

286 2551 382 2591 cumas
394 2531 453 2609 agri
461 2535 594 2591 Leontini
602 2552 703 2609 magno
711 2530 779 2590 dicit
787 2527 813 2589 se
821 2550 892 2591 ven-

287 2608 393 2677 didiffel
424 2616 529 2677 ostendi
548 2620 607 2696 jam
623 2618 690 2677 illud
705 2619 805 2692 initio,
830 2639 891 2678 non

287 2703 497 2764 existimandum
518 2726 621 2780 magno
642 2703 791 2764 vendidisse
813 2726 893 2779 eum,

287 2793 337 2870 qui
353 2792 440 2851 verbo
455 2790 586 2850 decumas
604 2791 776 2851 vendiderit:
802 2812 846 2865 re,
865 2807 893 2851 ct

287 2878 465 2952 conditione,
480 2894 508 2935 et
522 2878 593 2954 lege,
613 2893 641 2936 et
655 2877 755 2951 edido,
774 2893 801 2935 et
809 2877 894 2937 licen·

287 2967 327 3023 tia
341 2963 571 3036 decumanorum,
591 2964 718 3024 decumas
735 2964 891 3023 aratoribus

287 3050 380 3110 nullas
390 3049 509 3128 reliquas
518 3048 622 3110 fecerit.
635 3053 717 3109 etiam
727 3049 793 3108 illud
802 3049 895 3109 osten·

288 3137 329 3213 di,
341 3133 494 3196 vendidisse
502 3135 572 3195 alios
581 3157 684 3216 magno
696 3135 907 3211 decumucucssx

288 3222 435 3297 Leontini,
457 3238 697 3310 caeterorumque
714 3240 877 3306 uguucumu
895 3231 932 3274 tt

274 3303 964 3401 ugeffieronicavendidiffezemuumeucm

560 3411 670 3494 Bb3
