2325 4075
549 1033 667 1099 332
835 1023 866 1079 1
899 1019 957 1078 N
1023 1021 1081 1075 V
1116 1019 1163 1077 E
1200 1021 1250 1077 R
1282 1021 1332 1077 R
1366 1019 1415 1076 E
1446 1019 1514 1078 Μ

553 1125 823 1187 flammari
863 1121 934 1184 ad
986 1117 1443 1204 perseverandum
1484 1120 1761 1205 intellige-

553 1211 722 1274 bant?
753 1211 834 1270 ita
847 1211 1044 1270 civitas
1065 1229 1182 1270 una
1196 1208 1496 1286 sociorum,
1518 1226 1687 1292 atque
1700 1231 1763 1272 a·

553 1299 828 1360 micorum
849 1295 1065 1356 duabus
1087 1297 1383 1356 teterrimis
1397 1297 1762 1376 mulierculin,

547 1390 730 1446 verre
742 1395 1020 1465 praetore,
1039 1382 1321 1462 vectigalis
1334 1380 1465 1443 fuit.
1510 1399 1683 1465 atque
1698 1403 1761 1446 e-

551 1491 630 1550 go
643 1491 796 1532 nunc
809 1489 934 1530 eum
962 1468 1229 1529 frumenti
1250 1489 1566 1545 numerum,
1587 1485 1649 1531 et
1664 1490 1762 1532 eas

548 1557 771 1639 publice
781 1558 1042 1636 pecunias
1051 1555 1369 1616 decumanis
1380 1558 1450 1617 ab
1460 1558 1761 1620 Herbiten-

551 1642 698 1705 fibue
713 1645 870 1705 datas
893 1640 996 1702 effe
1011 1643 1137 1703 dico
1153 1665 1171 1701 ε
1196 1663 1311 1722 quo
1340 1642 1422 1701 illi
1453 1642 1760 1721 frumenta,

553 1745 611 1791 et
639 1734 840 1814 quibus
873 1732 1119 1811 pecuniis
1144 1745 1329 1788 tamen
1361 1750 1392 1788 a
1422 1729 1759 1792 decumano-

558 1839 682 1882 rum
696 1820 917 1896 injuriis
934 1819 1083 1876 cives
1101 1813 1228 1874 suos
1246 1836 1366 1875 non
1384 1816 1756 1879 redemerunt.

551 1905 781 1986 perditis
803 1905 975 1978 enim,
997 1917 1055 1961 et
1090 1901 1320 1982 direptis
1344 1918 1628 1965 aratorum
1655 1905 1759 1965 bo-

549 1992 667 2069 nis,
688 1994 821 2053 haec
843 1990 1159 2050 decumanis
1177 2009 1385 2050 merces
1401 1990 1658 2068 dabatur,
1696 2007 1760 2054 ut

550 2076 853 2160 aliquando
869 2097 941 2136 ex
967 2097 1159 2136 eorum
1191 2079 1359 2154 agris,
1382 2091 1550 2158 atque
1565 2098 1641 2139 ex
1661 2099 1758 2139 ut·-

549 2165 710 2227 bibus
725 2167 962 2225 abirent.
988 2165 1178 2240 itaque
1193 2184 1318 2222 cum
1338 2165 1591 2224 Philinus
1609 2172 1756 2227 Her·

537 2251 795 2328 intensis,
825 2254 995 2311 homo
1032 2248 1289 2325 disci-tua,
1326 2265 1381 2308 et
1400 2251 1673 2331 prudenti,
1698 2268 1755 2314 et

545 2336 700 2402 domi
716 2339 946 2412 nobilis,
975 2337 1043 2397 de
1059 2336 1364 2396 calamitate
1378 2354 1683 2415 aratorum,
1697 2356 1756 2402 et

547 2423 618 2488 de
633 2426 787 2507 fuga,
808 2440 865 2485 et
879 2423 947 2484 de
970 2423 1306 2503 reliquorum
1322 2427 1598 2502 paucitate
1613 2427 1754 2506 pub·

544 2510 650 2574 lice
681 2514 919 2587 diceret,
958 2508 1416 2570 animadvertistis
1443 2553 1464 2585 ‚
1502 2513 1754 2591 judicet,

541 2602 807 2675 gemitum
823 2596 1013 2679 populi
1032 2598 1294 2672 Romani,
1317 2598 1476 2674 cujus
1493 2598 1754 2680 frequen·

543 2687 627 2746 tia
639 2688 768 2746 huic
788 2682 974 2744 causae
1003 2703 1290 2762 nunquam
1315 2682 1512 2744 defuit.
1557 2686 1755 2765 quade

542 2774 817 2853 paucitate
826 2785 1105 2828 aratorum
1114 2769 1225 2827 alio
1237 2769 1367 2828 loco
1377 2769 1756 2834 dicam.Nunc
1777 2777 1827 2824 35

547 2858 713 2933 illud,
735 2855 887 2938 quod
905 2875 1046 2936 pene
1062 2858 1342 2934 praeterii,
1365 2877 1487 2916 non
1511 2861 1753 2921 omnino

414 3016 422 3025 ,
544 2943 971 3024 relinquendum
1008 2940 1253 3002 videtur.
1302 2962 1458 3018 nam,
1495 2964 1595 3024 per
1616 2944 1754 3007 deos

541 3031 881 3093 immortales
892 3029 1064 3109 !quod
1080 3028 1148 3088 de
1162 3031 1343 3109 capite
1359 3028 1480 3110 ipso
1496 3030 1753 3114 dempfit,

540 3139 659 3200 quo
675 3118 899 3178 tandem
928 3115 1099 3176 modo
1128 3118 1290 3178 vobis
1314 3136 1434 3176 non
1464 3118 1643 3179 modo
1673 3117 1752 3178 fe-

512 3205 790 3285 rendum,
818 3224 1010 3267 verum
1039 3205 1204 3263 etiam
1234 3202 1568 3263 audiendum
1598 3205 1753 3266 vide-

491 3297 637 3359 tur?
655 3318 813 3362 unus
833 3295 1027 3361 adhuc
1043 3293 1155 3357 fuit
1165 3290 1292 3377 post
1304 3295 1548 3351 Romam
1557 3289 1751 3351 cundi-

462 3389 753 3469 ram,«ffi
769 3385 1164 3458 immortales
1182 3382 1408 3462 (aium,
1424 3374 1585 3442 ndu
1594 3376 1792 3452 2&er
