2325 4075
276 482 921 810 ²-

285 940 340 1014 348
434 926 623 997 iuuant
652 927 736 987 nni

292 1041 398 1101 Siciliae
412 1040 516 1100 caulam
532 1026 706 1101 vernolum
721 1031 770 1110 est,
793 1027 889 1093 rellffiss

297 1129 410 1185 caeteris
422 1123 740 1204 ejuaiurtiaaelngitila,
754 1135 819 1184 utet
827 1118 892 1178 viti·

299 1214 352 1272 bus
366 1233 449 1291 quam
463 1215 648 1292 integerrimis
662 1231 752 1290 agere,
766 1225 794 1268 et
809 1203 893 1266 addi·

299 1298 418 1358 cendum
426 1303 558 1379 temporis
566 1299 630 1359 satia
638 1301 736 1359 habete
744 1296 848 1379 polim.
857 1309 897 1354 at·

299 1402 355 1462 que
366 1383 447 1460 adeo,
461 1402 609 1465 antequam
623 1386 657 1445 de
667 1383 851 1446 incommodis
859 1383 900 1443 Si·

300 1470 379 1529 ciliae
392 1470 467 1545 dico,
482 1492 568 1552 pauca
586 1472 654 1531 mihi
664 1472 794 1531 videntur
808 1467 860 1528 elle
867 1469 901 1528 de

299 1557 460 1635 provinciae
469 1558 613 1636 dignitate,
627 1556 772 1632 vetustate,
783 1554 900 1614 utilitate

299 1640 426 1701 dicenda.
450 1664 515 1702 nam
530 1666 592 1703 cum
610 1646 734 1703 omnium
753 1644 899 1716 sociorum,

298 1730 559 1808 provinciarumque
565 1732 698 1790 rationem
705 1728 900 1804 diligentcrha·

298 1813 486 1888 beredebetia,
500 1830 558 1873 tum
570 1817 714 1893 praecipue
720 1813 834 1887 Siciliae,
849 1819 899 1887 Ju-

297 1897 386 1973 dicea,
401 1899 526 1979 plurimis
537 1898 734 1977 justissimisque
748 1898 782 1956 de
797 1894 900 1956 caufiar

298 1986 417 2064 primum
425 1984 632 2065 quodomnium
640 1986 785 2043 nationum
793 1999 898 2040 extera-

298 2091 359 2129 rum
371 2073 499 2152 princeps
514 2071 603 2130 Sicilia
614 2068 639 2129 se
647 2070 682 2128 ad
689 2071 848 2143 amicitiam,
863 2067 897 2126 fi·

296 2155 414 2236 demque
428 2157 524 2238 populi
540 2158 657 2216 Romani
672 2155 819 2236 applicuitz
840 2155 897 2233 pri·

295 2260 343 2304 ma
353 2245 490 2320 omnium,
502 2243 530 2302 id
544 2243 623 2321 quod
631 2256 827 2301 ornamentum
842 2241 895 2297 im·

296 2331 366 2408 perii
375 2329 423 2405 est,
439 2332 583 2411 provincia
597 2328 634 2389 ell
649 2327 796 2409 appellata:
809 2325 897 2405 prima

294 2412 392 2473 docuit
403 2418 522 2493 majores
538 2414 660 2489 nostros,
674 2434 757 2495 quam
776 2410 896 2494 praecla-

293 2497 671 2576 rumelletexterisgentibua
687 2503 835 2578 imperare:
852 2493 895 2554 so·

293 2585 321 2643 la
333 2584 486 2644 fuiteafide
501 2585 749 2662 benevolentiaque
763 2604 827 2660 erga
842 2602 895 2661 po·

294 2669 388 2747 pulum
398 2675 565 2742 Romanum,
579 2684 610 2727 ut
617 2671 741 2729 civitates
749 2669 809 2745 ejus
819 2667 895 2726 insu·

292 2753 347 2828 lae,
361 2775 431 2833 quae
439 2753 519 2814 semel
527 2755 555 2813 in
564 2756 712 2814 amicitiam
720 2753 839 2814 nostram
847 2773 894 2813 ve·

293 2839 403 2915 ruissent,
415 2861 556 2919 nunquam
567 2840 823 2920 polleadeficerent:
835 2840 893 2919 ple·

295 2943 503 3005 raequeautern,
519 2929 674 2985 etmaxime
681 2926 808 3002 illustres,
823 2928 893 2986 ina·

293 3013 398 3072 micitia
405 3028 537 3092 perpetuo
552 3031 706 3073 manerent.
729 3016 891 3092 itaquema·

290 3098 507 3177 joribuanollris
524 3101 553 3155 in
572 3098 693 3159 Africam
708 3120 743 3157 ex
758 3102 808 3157 hac
824 3119 891 3178 pro·

285 3186 381 3238 vincia
390 3185 497 3258 gradus
507 3185 614 3265 imperii
624 3184 710 3246 failus
725 3183 773 3246 ell.
800 3204 891 3263 neque

259 3266 344 3319 ‘w
356 3278 418 3325 tam
427 3268 515 3332 heile
530 3293 602 3356 opes
613 3274 891 3356 cnuagrmtanu
