<?xml version="1.0" encoding="UTF-8"?>
<!DOCTYPE html PUBLIC "-//W3C//DTD XHTML 1.0 Transitional//EN"
    "http://www.w3.org/TR/xhtml1/DTD/xhtml1-transitional.dtd">
<html xmlns="http://www.w3.org/1999/xhtml" xml:lang="en" lang="en">
 <head>
  <title>
</title>
<meta http-equiv="Content-Type" content="text/html;charset=utf-8" />
  <meta name='ocr-system' content='tesseract 3.04.00' />
  <meta name='ocr-capabilities' content='ocr_page ocr_carea ocr_par ocr_line ocrx_word'/>
</head>
<body>
  <div class='ocr_page' id='page_1' title='image "./mtulliiciceroni22cicegoog_0074.png"; bbox 0 0 2325 4075; ppageno 0'>
   <div class='ocr_carea' id='block_1_1' title="bbox 296 955 745 1036">
    <p class='ocr_par' dir='ltr' id='par_1_1' title="bbox 296 955 745 1036">
     <span class='ocr_line' id='line_1_1' title="bbox 296 955 745 1036; baseline -0.011 -19"><span class='ocrx_word' id='word_1_1' title='bbox 296 973 354 1036; x_wconf 77' lang='lat'>410</span> <span class='ocrx_word' id='word_1_2' title='bbox 453 957 506 1014; x_wconf 83' lang='lat' dir='ltr'>IN</span> <span class='ocrx_word' id='word_1_3' title='bbox 531 955 745 1012; x_wconf 82' lang='lat' dir='ltr'>VERREM</span> 
     </span>
    </p>
   </div>
   <div class='ocr_carea' id='block_1_2' title="bbox 287 1052 942 3296">
    <p class='ocr_par' dir='ltr' id='par_1_2' title="bbox 287 1052 942 3296">
     <span class='ocr_line' id='line_1_2' title="bbox 295 1052 897 1138; baseline -0.007 -15"><span class='ocrx_word' id='word_1_4' title='bbox 295 1052 897 1138; x_wconf 76' lang='lat' dir='ltr'>multiaejuumieia,acoeoefferiiufferun·</span> 
     </span>
     <span class='ocr_line' id='line_1_3' title="bbox 299 1142 942 1224; baseline -0.012 -14"><span class='ocrx_word' id='word_1_5' title='bbox 299 1166 356 1210; x_wconf 81' lang='lat' dir='ltr'>oar.</span> <span class='ocrx_word' id='word_1_6' title='bbox 420 1142 545 1218; x_wconf 79' lang='lat' dir='ltr'>Hiciste,</span> <span class='ocrx_word' id='word_1_7' title='bbox 559 1146 609 1223; x_wconf 88' lang='lat' dir='ltr'>qui</span> <span class='ocrx_word' id='word_1_8' title='bbox 616 1144 902 1224; x_wconf 50' lang='lat' dir='ltr'>praecupiditateffie-</span> <span class='ocrx_word' id='word_1_9' title='bbox 913 1155 942 1202; x_wconf 79' lang='grc' dir='ltr'>4ο</span> 
     </span>
     <span class='ocr_line' id='line_1_4' title="bbox 297 1227 901 1316; baseline 0.003 -24"><span class='ocrx_word' id='word_1_10' title='bbox 297 1230 444 1316; x_wconf 79' lang='lat' dir='ltr'>queofficii</span> <span class='ocrx_word' id='word_1_11' title='bbox 454 1227 505 1305; x_wconf 83' lang='lat' dir='ltr'>soi,</span> <span class='ocrx_word' id='word_1_12' title='bbox 521 1249 611 1308; x_wconf 84' lang='lat' dir='ltr'>neque</span> <span class='ocrx_word' id='word_1_13' title='bbox 617 1229 744 1309; x_wconf 79' lang='lat' dir='ltr'>periculi,</span> <span class='ocrx_word' id='word_1_14' title='bbox 759 1237 901 1314; x_wconf 74' lang='lat' dir='ltr'>utquepi·</span> 
     </span>
     <span class='ocr_line' id='line_1_5' title="bbox 297 1318 902 1482; baseline -0.02 -15"><span class='ocrx_word' id='word_1_15' title='bbox 297 1333 394 1467; x_wconf 56' lang='lat' dir='ltr'>{sii</span> <span class='ocrx_word' id='word_1_16' title='bbox 405 1318 902 1482; x_wconf 58' lang='lat' dir='ltr'>ffifflwfflz</span> 
     </span>
     <span class='ocr_line' id='line_1_6' title="bbox 299 1490 902 1571; baseline 0.002 -22"><span class='ocrx_word' id='word_1_17' title='bbox 299 1494 427 1563; x_wconf 68' lang='lat' dir='ltr'>uebatur,</span> <span class='ocrx_word' id='word_1_18' title='bbox 437 1490 628 1549; x_wconf 72' lang='lat' dir='ltr'>auctoritatem</span> <span class='ocrx_word' id='word_1_19' title='bbox 635 1490 736 1568; x_wconf 77' lang='lat' dir='ltr'>patrie,</span> <span class='ocrx_word' id='word_1_20' title='bbox 749 1509 801 1549; x_wconf 86' lang='lat' dir='ltr'>uec</span> <span class='ocrx_word' id='word_1_21' title='bbox 811 1490 843 1550; x_wconf 84' lang='lat' dir='ltr'>in</span> <span class='ocrx_word' id='word_1_22' title='bbox 854 1514 902 1571; x_wconf 78' lang='lat' dir='ltr'>eo,</span> 
     </span>
     <span class='ocr_line' id='line_1_7' title="bbox 298 1575 899 1658; baseline -0.007 -21"><span class='ocrx_word' id='word_1_23' title='bbox 298 1575 720 1658; x_wconf 78' lang='lat' dir='ltr'>quodrogebatur,voiuntrtem</span> <span class='ocrx_word' id='word_1_24' title='bbox 727 1588 899 1653; x_wconf 79' lang='lat' dir='ltr'>anteponen-</span> 
     </span>
     <span class='ocr_line' id='line_1_8' title="bbox 297 1658 901 1744; baseline 0.002 -20"><span class='ocrx_word' id='word_1_25' title='bbox 297 1663 364 1724; x_wconf 74' lang='lat' dir='ltr'>dum</span> <span class='ocrx_word' id='word_1_26' title='bbox 378 1664 487 1744; x_wconf 85' lang='lat' dir='ltr'>putavit</span> <span class='ocrx_word' id='word_1_27' title='bbox 498 1660 609 1721; x_wconf 81' lang='lat' dir='ltr'>lrbrduu</span> <span class='ocrx_word' id='word_1_28' title='bbox 622 1658 700 1720; x_wconf 71' lang='lat' dir='ltr'>suaet</span> <span class='ocrx_word' id='word_1_29' title='bbox 716 1663 901 1725; x_wconf 74' lang='lat' dir='ltr'>munekuen·</span> 
     </span>
     <span class='ocr_line' id='line_1_9' title="bbox 298 1747 899 1822; baseline 0.002 -12"><span class='ocrx_word' id='word_1_30' title='bbox 298 1750 344 1810; x_wconf 81' lang='lat' dir='ltr'>dir</span> <span class='ocrx_word' id='word_1_31' title='bbox 364 1750 535 1822; x_wconf 72' lang='lat' dir='ltr'>Decembris,</span> <span class='ocrx_word' id='word_1_32' title='bbox 556 1765 589 1807; x_wconf 89' lang='lat' dir='ltr'>ut</span> <span class='ocrx_word' id='word_1_33' title='bbox 603 1747 737 1821; x_wconf 73' lang='lat' dir='ltr'>edixerat,</span> <span class='ocrx_word' id='word_1_34' title='bbox 756 1750 899 1812; x_wconf 80' lang='lat' dir='ltr'>Sthenium</span> 
     </span>
     <span class='ocr_line' id='line_1_10' title="bbox 301 1832 902 1915; baseline -0.005 -18"><span class='ocrx_word' id='word_1_35' title='bbox 301 1838 380 1897; x_wconf 79' lang='lat' dir='ltr'>citari</span> <span class='ocrx_word' id='word_1_36' title='bbox 387 1837 478 1914; x_wconf 86' lang='lat' dir='ltr'>jubet.</span> <span class='ocrx_word' id='word_1_37' title='bbox 501 1834 583 1893; x_wconf 84' lang='lat' dir='ltr'>fiabr</span> <span class='ocrx_word' id='word_1_38' title='bbox 601 1832 711 1893; x_wconf 83' lang='lat' dir='ltr'>teiiiam</span> <span class='ocrx_word' id='word_1_39' title='bbox 726 1853 784 1894; x_wconf 87' lang='lat' dir='ltr'>rem</span> <span class='ocrx_word' id='word_1_40' title='bbox 800 1856 902 1915; x_wconf 72' lang='lat' dir='ltr'>parent</span> 
     </span>
     <span class='ocr_line' id='line_1_11' title="bbox 302 1920 903 1999; baseline 0.002 -17"><span class='ocrx_word' id='word_1_41' title='bbox 302 1939 367 1982; x_wconf 83' lang='lat' dir='ltr'>tuua</span> <span class='ocrx_word' id='word_1_42' title='bbox 378 1921 494 1997; x_wconf 77' lang='lat' dir='ltr'>alicujus</span> <span class='ocrx_word' id='word_1_43' title='bbox 508 1922 592 1979; x_wconf 84' lang='lat' dir='ltr'>amici</span> <span class='ocrx_word' id='word_1_44' title='bbox 599 1935 708 1995; x_wconf 84' lang='lat' dir='ltr'>rogatu,</span> <span class='ocrx_word' id='word_1_45' title='bbox 720 1920 903 1999; x_wconf 74' lang='lat' dir='ltr'>benignitate,</span> 
     </span>
     <span class='ocr_line' id='line_1_12' title="bbox 300 2002 903 2085; baseline 0.002 -16"><span class='ocrx_word' id='word_1_46' title='bbox 300 2023 350 2069; x_wconf 83' lang='lat' dir='ltr'>aut</span> <span class='ocrx_word' id='word_1_47' title='bbox 356 2008 507 2068; x_wconf 83' lang='lat' dir='ltr'>ambitione</span> <span class='ocrx_word' id='word_1_48' title='bbox 513 2005 641 2065; x_wconf 67' lang='lat' dir='ltr'>inductur</span> <span class='ocrx_word' id='word_1_49' title='bbox 649 2002 766 2085; x_wconf 77' lang='lat' dir='ltr'>petisset:</span> <span class='ocrx_word' id='word_1_50' title='bbox 781 2009 903 2083; x_wconf 82' lang='lat' dir='ltr'>graviffi·</span> 
     </span>
     <span class='ocr_line' id='line_1_13' title="bbox 301 2091 903 2172; baseline 0.003 -17"><span class='ocrx_word' id='word_1_51' title='bbox 301 2110 445 2156; x_wconf 85' lang='lat' dir='ltr'>matamen</span> <span class='ocrx_word' id='word_1_52' title='bbox 454 2091 903 2172; x_wconf 79' lang='lat' dir='ltr'>apudtevoluntarpatriseisede·</span> 
     </span>
     <span class='ocr_line' id='line_1_14' title="bbox 303 2179 904 2259; baseline 0 -17"><span class='ocrx_word' id='word_1_53' title='bbox 303 2180 409 2243; x_wconf 82' lang='lat' dir='ltr'>buisset.</span> <span class='ocrx_word' id='word_1_54' title='bbox 425 2179 620 2241; x_wconf 82' lang='lat' dir='ltr'>cumveroaba</span> <span class='ocrx_word' id='word_1_55' title='bbox 630 2180 705 2237; x_wconf 89' lang='lat' dir='ltr'>tetui</span> <span class='ocrx_word' id='word_1_56' title='bbox 716 2180 904 2259; x_wconf 69' lang='lat' dir='ltr'>capitiacaaffi</span> 
     </span>
     <span class='ocr_line' id='line_1_15' title="bbox 299 2263 900 2352; baseline -0.003 -21"><span class='ocrx_word' id='word_1_57' title='bbox 299 2282 419 2352; x_wconf 82' lang='lat' dir='ltr'>¹peteret,</span> <span class='ocrx_word' id='word_1_58' title='bbox 432 2263 610 2345; x_wconf 82' lang='lat' dir='ltr'>hominesque</span> <span class='ocrx_word' id='word_1_59' title='bbox 619 2279 711 2325; x_wconf 78' lang='lat' dir='ltr'>certos</span> <span class='ocrx_word' id='word_1_60' title='bbox 718 2264 806 2325; x_wconf 88' lang='lat' dir='ltr'>domo</span> <span class='ocrx_word' id='word_1_61' title='bbox 818 2266 900 2329; x_wconf 80' lang='lat' dir='ltr'>misis-</span> 
     </span>
     <span class='ocr_line' id='line_1_16' title="bbox 304 2351 904 2434; baseline -0.002 -18"><span class='ocrx_word' id='word_1_62' title='bbox 304 2355 356 2432; x_wconf 89' lang='lat' dir='ltr'>set,</span> <span class='ocrx_word' id='word_1_63' title='bbox 370 2355 454 2434; x_wconf 86' lang='lat' dir='ltr'>hique</span> <span class='ocrx_word' id='word_1_64' title='bbox 467 2374 501 2414; x_wconf 90' lang='lat' dir='ltr'>eo</span> <span class='ocrx_word' id='word_1_65' title='bbox 520 2369 645 2432; x_wconf 87' lang='lat' dir='ltr'>tempore</span> <span class='ocrx_word' id='word_1_66' title='bbox 658 2351 694 2412; x_wconf 86' lang='lat' dir='ltr'>ad</span> <span class='ocrx_word' id='word_1_67' title='bbox 712 2367 740 2410; x_wconf 89' lang='lat' dir='ltr'>te</span> <span class='ocrx_word' id='word_1_68' title='bbox 754 2352 904 2431; x_wconf 78' lang='lat' dir='ltr'>venitsent,</span> 
     </span>
     <span class='ocr_line' id='line_1_17' title="bbox 297 2436 902 2516; baseline -0.003 -13"><span class='ocrx_word' id='word_1_69' title='bbox 297 2463 366 2503; x_wconf 82' lang='lat' dir='ltr'>cum</span> <span class='ocrx_word' id='word_1_70' title='bbox 377 2443 428 2501; x_wconf 90' lang='lat' dir='ltr'>tibi</span> <span class='ocrx_word' id='word_1_71' title='bbox 436 2443 465 2500; x_wconf 88' lang='lat' dir='ltr'>in</span> <span class='ocrx_word' id='word_1_72' title='bbox 473 2443 583 2516; x_wconf 82' lang='lat' dir='ltr'>integro</span> <span class='ocrx_word' id='word_1_73' title='bbox 590 2454 702 2498; x_wconf 73' lang='lat' dir='ltr'>tutarer</span> <span class='ocrx_word' id='word_1_74' title='bbox 710 2436 784 2512; x_wconf 87' lang='lat' dir='ltr'>esset,</span> <span class='ocrx_word' id='word_1_75' title='bbox 799 2455 902 2501; x_wconf 84' lang='lat' dir='ltr'>netum</span> 
     </span>
     <span class='ocr_line' id='line_1_18' title="bbox 303 2523 902 2607; baseline 0 -21"><span class='ocrx_word' id='word_1_76' title='bbox 303 2528 414 2607; x_wconf 89' lang='lat' dir='ltr'>quidem</span> <span class='ocrx_word' id='word_1_77' title='bbox 425 2543 453 2585; x_wconf 91' lang='lat' dir='ltr'>te</span> <span class='ocrx_word' id='word_1_78' title='bbox 460 2528 562 2606; x_wconf 86' lang='lat' dir='ltr'>potuit,</span> <span class='ocrx_word' id='word_1_79' title='bbox 578 2523 598 2582; x_wconf 88' lang='lat' dir='ltr'>si</span> <span class='ocrx_word' id='word_1_80' title='bbox 614 2545 673 2584; x_wconf 87' lang='lat' dir='ltr'>non</span> <span class='ocrx_word' id='word_1_81' title='bbox 684 2527 806 2604; x_wconf 78' lang='lat' dir='ltr'>pictatia,</span> <span class='ocrx_word' id='word_1_82' title='bbox 822 2542 851 2587; x_wconf 83' lang='lat' dir='ltr'>at</span> <span class='ocrx_word' id='word_1_83' title='bbox 861 2526 902 2586; x_wconf 82' lang='lat' dir='ltr'>sa·</span> 
     </span>
     <span class='ocr_line' id='line_1_19' title="bbox 298 2609 903 2691; baseline -0.002 -18"><span class='ocrx_word' id='word_1_84' title='bbox 298 2613 369 2673; x_wconf 74' lang='lat' dir='ltr'>&#39;lutis</span> <span class='ocrx_word' id='word_1_85' title='bbox 379 2630 440 2672; x_wconf 87' lang='lat' dir='ltr'>taae</span> <span class='ocrx_word' id='word_1_86' title='bbox 448 2613 518 2670; x_wconf 86' lang='lat' dir='ltr'>ratio</span> <span class='ocrx_word' id='word_1_87' title='bbox 527 2610 560 2669; x_wconf 91' lang='lat' dir='ltr'>ad</span> <span class='ocrx_word' id='word_1_88' title='bbox 568 2609 699 2685; x_wconf 85' lang='lat' dir='ltr'>officium,</span> <span class='ocrx_word' id='word_1_89' title='bbox 707 2609 903 2691; x_wconf 83' lang='lat' dir='ltr'>sanitatemque</span> 
     </span>
     <span class='ocr_line' id='line_1_20' title="bbox 304 2695 901 2776; baseline -0.002 -17"><span class='ocrx_word' id='word_1_90' title='bbox 304 2698 453 2759; x_wconf 83' lang='lat' dir='ltr'>reducere?</span> <span class='ocrx_word' id='word_1_91' title='bbox 477 2699 545 2755; x_wconf 86' lang='lat' dir='ltr'>citat</span> <span class='ocrx_word' id='word_1_92' title='bbox 555 2716 642 2755; x_wconf 88' lang='lat' dir='ltr'>reum.</span> <span class='ocrx_word' id='word_1_93' title='bbox 665 2718 725 2756; x_wconf 88' lang='lat' dir='ltr'>non</span> <span class='ocrx_word' id='word_1_94' title='bbox 745 2695 901 2776; x_wconf 83' lang='lat' dir='ltr'>respondet.</span> 
     </span>
     <span class='ocr_line' id='line_1_21' title="bbox 305 2780 902 2862; baseline -0.005 -16"><span class='ocrx_word' id='word_1_95' title='bbox 305 2787 373 2846; x_wconf 88' lang='lat' dir='ltr'>citat</span> <span class='ocrx_word' id='word_1_96' title='bbox 385 2780 586 2844; x_wconf 82' lang='lat' dir='ltr'>accusatorem:</span> <span class='ocrx_word' id='word_1_97' title='bbox 606 2780 765 2857; x_wconf 86' lang='lat' dir='ltr'>(attendite,</span> <span class='ocrx_word' id='word_1_98' title='bbox 790 2782 902 2862; x_wconf 85' lang='lat' dir='ltr'>quaeso,</span> 
     </span>
     <span class='ocr_line' id='line_1_22' title="bbox 306 2867 901 2948; baseline 0 -18"><span class='ocrx_word' id='word_1_99' title='bbox 306 2871 434 2948; x_wconf 82' lang='lat' dir='ltr'>Judices:</span> <span class='ocrx_word' id='word_1_100' title='bbox 444 2867 717 2948; x_wconf 83' lang='lat' dir='ltr'>videte,quantopere</span> <span class='ocrx_word' id='word_1_101' title='bbox 724 2867 798 2928; x_wconf 84' lang='lat' dir='ltr'>istius</span> <span class='ocrx_word' id='word_1_102' title='bbox 808 2891 901 2930; x_wconf 86' lang='lat' dir='ltr'>amen·</span> 
     </span>
     <span class='ocr_line' id='line_1_23' title="bbox 300 2953 902 3033; baseline -0.002 -17"><span class='ocrx_word' id='word_1_103' title='bbox 300 2959 361 3018; x_wconf 78' lang='lat' dir='ltr'>tiae</span> <span class='ocrx_word' id='word_1_104' title='bbox 376 2956 490 3017; x_wconf 80' lang='lat' dir='ltr'>fortuna</span> <span class='ocrx_word' id='word_1_105' title='bbox 506 2953 562 3033; x_wconf 81' lang='lat' dir='ltr'>ipsa</span> <span class='ocrx_word' id='word_1_106' title='bbox 573 2953 711 3014; x_wconf 80' lang='lat' dir='ltr'>adversata</span> <span class='ocrx_word' id='word_1_107' title='bbox 726 2953 773 3015; x_wconf 83' lang='lat' dir='ltr'>fit:</span> <span class='ocrx_word' id='word_1_108' title='bbox 790 2955 902 3017; x_wconf 85' lang='lat' dir='ltr'>etfimul</span> 
     </span>
     <span class='ocr_line' id='line_1_24' title="bbox 300 3040 902 3122; baseline -0.003 -18"><span class='ocrx_word' id='word_1_109' title='bbox 300 3043 409 3119; x_wconf 81' lang='lat' dir='ltr'>¹videte,</span> <span class='ocrx_word' id='word_1_110' title='bbox 420 3043 598 3122; x_wconf 79' lang='lat' dir='ltr'>quiesthenii</span> <span class='ocrx_word' id='word_1_111' title='bbox 612 3040 717 3101; x_wconf 81' lang='lat' dir='ltr'>eausam</span> <span class='ocrx_word' id='word_1_112' title='bbox 732 3040 809 3101; x_wconf 80' lang='lat' dir='ltr'>casus</span> <span class='ocrx_word' id='word_1_113' title='bbox 824 3042 902 3122; x_wconf 79' lang='lat' dir='ltr'>adju·</span> 
     </span>
     <span class='ocr_line' id='line_1_25' title="bbox 301 3125 903 3208; baseline -0.002 -18"><span class='ocrx_word' id='word_1_114' title='bbox 301 3133 398 3208; x_wconf 81' lang='lat' dir='ltr'>verit)</span> <span class='ocrx_word' id='word_1_115' title='bbox 415 3131 514 3190; x_wconf 80' lang='lat' dir='ltr'>citatus</span> <span class='ocrx_word' id='word_1_116' title='bbox 534 3125 689 3201; x_wconf 87' lang='lat' dir='ltr'>accusator,</span> <span class='ocrx_word' id='word_1_117' title='bbox 712 3135 754 3186; x_wconf 90' lang='lat' dir='ltr'>M.</span> <span class='ocrx_word' id='word_1_118' title='bbox 772 3129 903 3205; x_wconf 75' lang='lat' dir='ltr'>Pacilius,</span> 
     </span>
     <span class='ocr_line' id='line_1_26' title="bbox 287 3213 901 3296; baseline 0.015 -28"><span class='ocrx_word' id='word_1_119' title='bbox 287 3215 458 3295; x_wconf 79' lang='lat' dir='ltr'>nescioquo</span> <span class='ocrx_word' id='word_1_120' title='bbox 466 3213 529 3275; x_wconf 80' lang='lat' dir='ltr'>casu</span> <span class='ocrx_word' id='word_1_121' title='bbox 537 3236 599 3276; x_wconf 85' lang='lat' dir='ltr'>nou</span> <span class='ocrx_word' id='word_1_122' title='bbox 615 3213 768 3296; x_wconf 82' lang='lat' dir='ltr'>respondit:</span> <span class='ocrx_word' id='word_1_123' title='bbox 787 3237 848 3277; x_wconf 88' lang='lat' dir='ltr'>non</span> <span class='ocrx_word' id='word_1_124' title='bbox 863 3214 901 3276; x_wconf 84' lang='lat' dir='ltr'>as·</span> 
     </span>
    </p>
   </div>
   <div class='ocr_carea' id='block_1_3' title="bbox 261 3289 906 3383">
    <p class='ocr_par' dir='ltr' id='par_1_3' title="bbox 261 3289 906 3383">
     <span class='ocr_line' id='line_1_27' title="bbox 261 3289 906 3383; baseline 0.031 -34"><span class='ocrx_word' id='word_1_125' title='bbox 261 3289 336 3354; x_wconf 70' lang='lat' dir='ltr'>arie,</span> <span class='ocrx_word' id='word_1_126' title='bbox 360 3297 530 3383; x_wconf 78' lang='lat' dir='ltr'>lipraeseua</span> <span class='ocrx_word' id='word_1_127' title='bbox 546 3305 686 3368; x_wconf 76' lang='lat' dir='ltr'>Sthenius</span> <span class='ocrx_word' id='word_1_128' title='bbox 699 3323 767 3367; x_wconf 81' lang='lat' dir='ltr'>ceua</span> <span class='ocrx_word' id='word_1_129' title='bbox 780 3301 906 3368; x_wconf 55' lang='lat' dir='ltr'>:untho</span> 
     </span>
    </p>
   </div>
   <div class='ocr_carea' id='block_1_4' title="bbox 0 0 1181 4075">
    <p class='ocr_par' dir='ltr' id='par_1_4' title="bbox 0 0 1181 4075">
     <span class='ocr_line' id='line_1_28' title="bbox 0 0 1181 4075; baseline 0 0"><span class='ocrx_word' id='word_1_130' title='bbox 0 0 1181 4075; x_wconf 95' lang='lat' dir='ltr'> </span> 
     </span>
    </p>
   </div>
  </div>
 </body>
</html>
