2325 4075
288 943 344 1003 424
433 927 490 984 IN
513 923 736 982 VERREM
797 937 809 946 ··

256 1032 262 1042 '
286 1021 386 1111 dequo
395 1024 809 1107 nimineqaidegodispueem
823 1046 888 1090 eum

286 1114 414 1178 idtotnm
423 1110 887 1194 potitumfitintestiburiquidpor·

287 1222 322 1262 ro
333 1215 515 1278 argumenta,
526 1219 581 1278 qua
589 1198 624 1257 de
632 1219 662 1258 te
669 1198 794 1258 dubitare
802 1220 887 1258 uerno

284 1287 377 1366 pouit?
391 1307 427 1346 an
434 1290 488 1346 hoc
495 1285 630 1346 dubitabit
643 1281 787 1363 quisquam
795 1287 887 1344 omni·

286 1393 346 1447 um,
357 1374 425 1451 quin
433 1374 457 1429 ia
468 1372 592 1431 venalem
600 1373 629 1429 in
638 1370 727 1430 Sicilia
740 1369 888 1447 jurisdidii·

287 1477 371 1518 onem
385 1459 521 1531 habuerit,
531 1458 579 1535 qui
597 1462 699 1516 Romae
715 1456 888 1516 totumedic·

287 1559 359 1617 tum,
380 1559 463 1622 atque
474 1544 569 1602 omnia
583 1542 694 1600 decreta
709 1541 885 1601 vendiderit?

286 1632 356 1710 quin
364 1632 388 1688 ir
396 1630 531 1688 absiculia
539 1630 576 1687 ob
585 1627 693 1686 decreta
705 1629 886 1705 interponen-

287 1716 323 1775 da
331 1717 474 1795 pecuniam
483 1715 678 1793 acceperit,qui
689 1720 730 1771 Μ.
742 1714 886 1772 Odiavium

287 1804 418 1878 Ligurem
434 1804 471 1860 ob
484 1804 530 1879 jus
541 1798 690 1858 dicundum
706 1797 885 1877 poposcerit?

287 1887 364 1966 quod
372 1888 446 1945 enim
454 1902 592 1966 praeterea
603 1905 690 1961 genus
699 1886 829 1963 pecuniae
839 1905 886 1943 co-

287 1972 391 2050 gendae
399 1973 549 2051 praeteriit?
562 1970 639 2050 quod
647 1990 706 2029 non
716 1970 887 2030 abomnibus

286 2058 347 2117 aliia
355 2061 542 2138 praeteritum,
553 2057 738 2133 excogitavit?
751 2076 886 2134 ecquarea

286 2145 360 2224 apud
371 2146 496 2203 civitates
506 2143 609 2201 Siculus
629 2137 782 2221 expetitur,
790 2145 820 2200 in
832 2163 886 2221 qua

286 2246 334 2290 aut
348 2233 440 2289 honoa
461 2230 561 2308 aliquis
571 2227 615 2300 fit,
633 2243 681 2285 aut
689 2225 820 2307 potestas,
838 2243 885 2286 aut

285 2319 459 2396 procuratio,
478 2317 547 2394 quin
565 2334 625 2372 eam
636 2334 693 2371 rem
711 2330 740 2372 tu
754 2314 792 2372 ad
808 2331 884 2375 tuum

285 2402 435 2483 quaestum,
447 2402 731 2478 nundinationemque
740 2402 884 2460 hominum

284 2489 454 2549 traduxerit?
521 2487 601 2544 Ditta
610 2484 671 2544 sunt
679 2488 770 2564 priore
778 2489 885 2545 afflone
894 2480 922 2526 ⁴⁹

284 2590 313 2631 et
320 2574 460 2652 privatim,
468 2588 495 2630 et
504 2570 611 2646 publice
619 2569 787 2630 testimonia:
803 2573 885 2649 legati

285 2654 883 2735 Centuripini,Halefini,Catinenses‚Panor·

282 2744 434 2820 mitanique
442 2742 582 2815 dixerunt,
590 2743 883 2822 ntulturnmpraeterea

282 2827 512 2904 ciuitatumrjam
527 2848 595 2886 vero
607 2829 735 2907 privatim
755 2832 880 2909 plurimi:

282 2935 404 2994 quorum
413 2935 448 2972 ex
457 2912 618 2972 testimoniis
627 2913 883 2996 cognoscerepotu·

280 3000 412 3074 istit,tota
423 3001 512 3059 Sicilia
521 3020 569 3077 per
582 3001 734 3059 triennium
743 3004 883 3063 neminem

281 3086 337 3146 ulia
356 3087 386 3148 in
405 3087 518 3145 civitate
537 3084 690 3145 senatorem
711 3086 812 3147 fadum
832 3087 883 3148 eise

273 3173 381 3249 gratis:
396 3174 547 3247 neminem,
564 3188 596 3230 ut
609 3174 683 3248 leges
695 3193 791 3233 eorum
808 3172 883 3251 sunt,

261 3255 426 3342 suffragiis:
444 3262 605 3339 neminem,
615 3257 749 3321 mutuant
759 3261 895 3336 immite,
