2325 4075
287 973 341 1036 372
439 957 492 1012 ΙΝ
516 951 737 1012 VERREM

289 1056 343 1134 r'et,
354 1056 433 1137 eujus
441 1054 568 1130 consulto
576 1063 608 1117 Ρ.
617 1050 889 1135 Rnpiliutdedeeem

289 1145 442 1224 legatorum
452 1141 588 1204 sententie
593 1141 667 1221 leget
679 1140 809 1202 insieilit
819 1161 890 1202 eon·

289 1229 430 1292 stituerrte
442 1241 722 1298 cumomnerenteoe
734 1242 891 1307 praetores,

290 1315 416 1394 Rupilias
424 1315 571 1394 legeretio
586 1315 700 1376 coeteris
715 1315 808 1388 tebet,
820 1314 892 1374 etin

288 1399 728 1482 judieiitmeximeobservnisentr
737 1396 892 1460 mensuret

291 1507 345 1569 pro
354 1486 571 1570 nihilopreetue
584 1486 694 1567 prredt,
707 1482 891 1546 torretsane·

293 1574 404 1634 tisfimet
411 1572 524 1634 dooere?
540 1572 675 1633 tibinullr
685 1566 733 1631 seir
743 1570 810 1631 fuiti
827 1569 890 1630 nol·

292 1659 439 1737 irreligio?
455 1658 548 1720 nullut
562 1657 772 1718 existimationis
786 1655 891 1736 pudor?

292 1743 705 1823 nullusjudicii-metutinolliur
714 1740 892 1822 apudtegrr³

294 1831 507 1892 viteudoritrt?
523 1829 630 1889 nullum
637 1830 802 1908 exemplum,
817 1823 895 1907 quod

295 1915 372 1994 sequi
385 1915 489 1975 vellet?
504 1934 614 1987 verum,
628 1930 660 1974 ut
674 1914 778 1974 institui
792 1913 894 1987 dicere,

295 1998 723 2083 qoinquejudioibutnullaiege,
731 1996 895 2059 nunninstiz

293 2102 367 2161 tuto,
382 2085 609 2162 nullareligione,
624 2085 700 2146 nulla
710 2085 793 2160 sorte,
808 2105 845 2144 ex
859 2085 896 2144 li·

295 2170 563 2246 bidineisiiutdatis,
577 2168 809 2249 nonquicausam
825 2191 895 2246 cog·

294 2257 451 2334 noscerent,
465 2255 510 2318 sed
518 2259 577 2338 qui,
593 2255 669 2335 quod
677 2258 839 2334 imperatum
851 2252 897 2313 es·

295 2343 348 2421 set,
358 2344 531 2423 judicarent3
546 2364 580 2403 eo
592 2344 637 2404 die
653 2341 722 2402 nihil
740 2343 829 2400 adum
844 2338 894 2403 est.

294 2430 383 2491 edesse
396 2431 530 2509 jubentur
545 2428 683 2510 postridie.
748 2425 893 2488 Heraclius
905 2425 932 2476 ¹⁷

294 2518 411 2588 interea,
425 2537 488 2574 cum
503 2536 601 2575 omnes
617 2514 724 2573 insidias
736 2533 752 2572 a
766 2526 896 2593 praetore

295 2596 898 2675 sonuniesuisfierivideret‚capitconsilium

296 2687 331 2747 de
346 2687 495 2745 amicorum
507 2700 535 2744 et
550 2685 770 2763 propinquorum
785 2681 899 2744 senten·

295 2775 347 2845 tir,
362 2792 420 2830 non
432 2769 518 2830 adesse
527 2769 714 2848 adjudicium.
737 2772 830 2848 itaque
844 2777 896 2849 Sy·

294 2855 394 2921 ncufis
411 2857 457 2917 illa
473 2862 554 2917 nodie
569 2855 702 2936 profugit.
727 2854 773 2914 iste
784 2854 896 2934 postero

294 2944 340 3005 die
355 2947 449 3017 mene,
463 2964 526 3003 cum
540 2942 629 3002 multo
647 2944 792 3014 maturius,
811 2960 897 3020 quam

294 3050 419 3110 unquam
427 3046 519 3106 antea,
530 3027 692 3101 surrexisset,
705 3027 813 3104 judices
825 3029 897 3087 cito.

293 3119 410 3193 rijubet.
420 3117 466 3175 ubi
474 3117 607 3195 comperit
615 3113 769 3174 Heraclium
778 3133 836 3172 non
845 3111 895 3173 ad·

283 3201 348 3271 τίῆ,
361 3204 638 3282 cogereincipiteos,
648 3216 679 3260 ut
688 3197 826 3258 absentem
834 3204 894 3258 He·

259 3284 391 3346 caelium
399 3289 643 3352 condemnarent.
655 3286 697 3350 iiii
705 3303 898 3348 contomn-
