2325 4075
330 984 551 1043 acrrours
566 986 605 1041 rr.
627 985 709 1043 Lrn.
730 987 784 1041 ru.
811 995 866 1059 723

263 1076 870 1167 tuminreligiosisfirnosanoreliquisseaquenr

264 1174 400 1235 inlocum
418 1172 510 1234 classes
525 1172 643 1234 hostiurn
662 1173 739 1256 saepe
756 1173 869 1236 accesse-

266 1263 338 1321 rint:
353 1263 400 1321 ubi
407 1262 512 1341 piratae
518 1260 574 1320 fere
585 1264 739 1341 quotannis
749 1264 869 1322 hiemare

265 1347 387 1409 soleanta
403 1348 478 1427 quod
487 1369 578 1429 neque
587 1348 688 1429 praedo
697 1349 809 1409 violarit
817 1371 869 1409 an·

266 1450 320 1511 tea,
333 1456 420 1515 neque
431 1434 515 1494 hostis
526 1438 659 1515 attigerit,
674 1435 702 1494 id
711 1438 745 1495 ab
752 1457 811 1495 uno
819 1435 869 1496 isto

265 1522 301 1584 fic
309 1521 452 1603 spoliatum
462 1520 526 1597 esse,
537 1536 569 1579 ut
577 1523 648 1582 nihil
655 1524 773 1581 omniuo
781 1521 814 1580 fit
826 1544 869 1582 re·

266 1609 371 1670 liuum.
395 1602 441 1666 tite
457 1629 532 1667 nunc
549 1623 596 1666 aut
614 1606 660 1667 iste
676 1628 748 1684 reus,
761 1623 871 1686 autcgo

267 1693 418 1767 accusator,
439 1710 486 1753 aut
501 1686 555 1753 hoc
570 1695 706 1773 judicium
722 1696 871 1775 appellabi-

268 1779 328 1841 tur?
342 1782 503 1841 criminibus
519 1783 593 1839 enim
610 1785 783 1859 coarguitur,
798 1784 871 1843 haud

268 1866 467 1947 suspicionibus
482 1869 512 1926 in
524 1868 661 1950 judicium
678 1882 807 1928 vocatur.
832 1870 872 1929 dii

268 1956 365 2030 ablati,
376 1954 558 2030 sanavexata‚
570 1956 688 2016 nudatae
700 1957 782 2015 urbes
792 1977 870 2034 repe·

269 2045 389 2102 riuntur.
413 2063 504 2102 earum
513 2033 604 2102 autem
613 2064 703 2102 rerum
712 2042 816 2102 nullam
825 2043 873 2104 fibi

269 2129 328 2202 iste,
347 2149 437 2206 neque
457 2127 600 2187 inficiandi
615 2132 764 2204 rationem,
782 2150 874 2210 neque

270 2214 439 2274 defendendi
458 2213 617 2275 facultatem
629 2215 759 2295 reliquit:
781 2220 872 2276 onini-

269 2304 322 2361 bus
331 2305 361 2361 in
370 2305 449 2360 rebus
464 2304 625 2379 coarguitur
637 2306 874 2374 arnc‚convinci·

267 2405 317 2449 tur
338 2410 354 2447 a
372 2387 494 2462 testibus,
513 2408 627 2465 urgetur
642 2389 874 2470 conseffiouesua,

271 2473 886 2540 manifestisinmaleficiistenetureetmanet.

269 2565 365 2636 etiam,
377 2583 408 2621 ac
421 2563 519 2620 tacitus
527 2560 598 2621 fasta
610 2582 717 2622 mecum
725 2565 770 2623 sua
779 2585 873 2644 recog·

268 2647 371 2709 noscit.
396 2649 510 2706 nimium
526 2650 595 2706 mihi
611 2649 657 2707 diu
669 2649 765 2710 videor
775 2654 802 2711 in
816 2675 875 2714 uno

271 2755 371 2813 genere
387 2733 486 2793 versari
502 2736 659 2796 criminum.
683 2735 782 2814 sentio,
794 2742 874 2816 Judi·

272 2844 329 2897 ces‚
342 2821 543 2880 occurrendum
558 2820 610 2882 esse
629 2822 744 2884 satietati
757 2830 875 2905 aurium,

272 2911 484 2986 animorumque
496 2907 658 2971 vestrorum.
681 2915 877 2991 quamobrem

271 2995 592 3076 multapraetermittam.
615 2997 877 3078 udeaautem‚quae

271 3081 393 3141 dicturus
402 3079 471 3155 sum,
483 3082 585 3141 reficite
595 3104 659 3158 vos,
671 3082 784 3163 quaeso,
797 3085 877 3160 Judi-

273 3189 330 3243 ces,
342 3189 391 3247 per
399 3167 465 3227 deos
481 3169 660 3228 immortales!
676 3190 723 3249 per
734 3191 782 3229 eos
792 3169 888 3246 iosos„

216 3282 219 3331 r
272 3256 307 3314 de
324 3275 442 3333 quorum
464 3255 602 3335 religione
624 3256 740 3336 {amasio
764 3256 910 3315 uicimus„

215 3348 225 3409 ἰ
263 3341 330 3400 dum
339 3341 371 3400 id
378 3341 440 3420 ejus
451 3343 572 3406 facinus
585 3360 801 3404 commemoro
809 3346 910 3413 ,etuss

541 3436 616 3496 Hh
646 3453 668 3495 2
