2325 4075
281 866 337 946 418
430 863 487 922 IN
510 859 735 920 VERREM
792 909 796 914 .

285 963 591 1032 etimfinemsatooe
598 960 892 1043 demneffiiqnenhe.

286 1054 412 1118 minem?
428 1051 467 1112 dii
481 1050 671 1111 immoneletl
684 1070 745 1110 non
763 1050 891 1110 dicamn-

288 1146 390 1203 ntieum
404 1152 493 1212 tuum,
504 1137 589 1218 ¹quod
607 1137 680 1216 apud
697 1138 825 1197 hominen
845 1155 892 1197 et-

288 1227 418 1288 fiffimum
427 1222 481 1283 est:
493 1245 553 1283 non
565 1221 712 1304 hospitem,
722 1222 799 1303 quod
812 1220 892 1282 sanc·

289 1312 417 1372 tiffimum
430 1307 486 1370 este
509 1309 580 1369 nihil
596 1312 672 1369 enim
690 1311 781 1369 minut
803 1308 893 1368 liben-

289 1412 334 1458 tet
347 1395 381 1457 de
398 1397 512 1455 Sthenio
528 1415 735 1456 commemoret
753 1394 824 1454 nihil
841 1394 894 1454 ali·

289 1482 329 1544 nd
346 1484 377 1542 in
389 1502 440 1557 eo,
455 1481 532 1561 quod
544 1481 704 1561 reprehendi
712 1480 803 1562 possit,
813 1482 892 1541 inve·

290 1571 353 1645 nio,
375 1566 426 1628 nifi
439 1568 515 1646 quod
532 1571 619 1628 homo
633 1567 831 1645 frugaliffimue,
849 1581 892 1627 tt·

289 1675 345 1736 que
358 1656 560 1733 integerrimus,
576 1669 615 1728 te,
626 1657 766 1715 hominem
781 1653 893 1732 plenum

290 1740 385 1822 stupri,
398 1742 506 1818 flagitii,
516 1739 634 1814 sceleris,
645 1740 759 1799 domum
767 1737 841 1798 suam
849 1742 894 1798 in·

290 1828 407 1886 vitavit:
428 1825 479 1884 nifi
493 1824 580 1904 quod,
604 1827 653 1903 qui
668 1829 702 1883 C.
719 1826 813 1896 Marii,
836 1832 893 1884 Cn.

291 1912 427 1990 Pompeii,
445 1916 480 1969 C.
493 1908 628 1983 Marcelli,
643 1914 678 1973 L.
695 1907 834 1984 Sisennae,
851 1912 895 1970 tui

291 1995 452 2071 defensoris,
463 2012 689 2074 caeterorumque
698 1996 824 2055 virorum
835 1994 894 2056 for·

291 2082 452 2143 tiffimorum
461 2081 559 2164 hospes
565 2080 665 2156 fuisset,
676 2098 759 2160 atque
770 2081 845 2158 esset,
858 2081 894 2144 td

292 2189 357 2230 eum
368 2191 512 2230 numerum
525 2168 734 2229 cleriffimorum
749 2171 894 2229 hominum

292 2271 371 2317 tuum
379 2277 491 2337 quoque
502 2275 604 2317 nomen
615 2253 742 2335 ascripsit.
767 2275 851 2335 quare
859 2255 894 2316 de

292 2341 414 2422 hospitio
427 2343 545 2413 violato,
562 2357 591 2401 et
606 2342 640 2402 de
653 2339 703 2402 isto
721 2357 772 2401 tuo
786 2341 893 2401 nefario

293 2426 394 2487 scelere
408 2429 478 2488 nihil
492 2449 609 2507 queror:
621 2432 676 2488 hoc
693 2427 767 2503 dico,
780 2429 895 2504 noniis,

293 2515 343 2591 qui
352 2515 495 2573 Sthenium
503 2530 620 2588 norunt,
631 2517 684 2573 hoc
692 2513 740 2588 est,
752 2515 856 2574 nemini
865 2535 894 2574 e·

293 2617 387 2673 orum,
397 2597 810 2678 quiinSiciliafuerunt,(nemo
818 2602 894 2661 enim

293 2685 415 2762 ignorat,
427 2687 573 2764 quohicin
588 2687 701 2745 civitate
715 2684 761 2745 sua
767 2684 894 2766 splendo-

294 2791 337 2844 re,
355 2792 410 2850 qua
423 2772 496 2849 apud
507 2792 605 2831 omnes
621 2773 729 2831 Siculos
744 2771 893 2850 dignitate,

293 2872 379 2936 atque
388 2856 588 2920 existimatione
598 2857 645 2935 fit)
660 2858 717 2934 sed,
728 2873 760 2916 ut
771 2859 812 2918 illi
820 2879 891 2939 quo·

293 2962 359 3021 que,
371 2945 419 3020 qui
427 2947 456 3003 in
464 2965 497 3003 ea
503 2947 648 3025 provincia
655 2966 715 3003 non
722 2943 892 3020 fueruntjn·

292 3030 530 3109 telligetepoffint,
542 3035 572 3089 in
585 3052 642 3111 quo
650 3033 762 3095 homine
769 3046 799 3090 tu
810 3031 893 3092 statu·

291 3115 729 3197 erisexemplumejusmodi,quod
739 3133 892 3198 tumprop·

291 3215 335 3262 tet
348 3204 522 3285 iniquitatem
541 3207 591 3280 rei,
602 3221 662 3265 tunt
677 3206 760 3265 etiam
774 3220 892 3288 propter
