2325 4075
289 950 347 1025 360
461 950 514 1006 IN
538 949 745 1005 VERREM

286 1054 432 1113 enituerat
445 1047 579 1130 ejusmodi
595 1048 684 1125 causa,
698 1065 730 1110 nt
744 1048 801 1132 ipsc
812 1069 891 1133 prse-

289 1153 410 1214 tor‚cnm
418 1152 561 1219 quaereret
567 1137 893 1219 calumniatorem,psulo

289 1239 382 1285 tamen
390 1223 629 1285 consideratiorem
636 1226 754 1305 reperire
761 1244 820 1283 non
828 1222 892 1305 pos-

288 1308 340 1370 set.
363 1311 585 1372 hunchominem
594 1310 698 1370 Veneri
712 1307 829 1370 absolvit
840 1332 848 1369 s
858 1309 892 1370 fi·

289 1397 319 1455 bi
327 1397 503 1458 condemnat.
526 1396 892 1457 naluitvidelicethomines

289 1501 413 1562 peccare,
424 1503 506 1561 qnam
514 1483 597 1542 deos:
609 1481 636 1541 se
649 1484 742 1562 potius
754 1503 770 1541 a
784 1486 891 1558 Dione,

290 1568 367 1647 quod
376 1590 434 1628 non
443 1569 549 1643 licebat,
561 1588 644 1646 quam
656 1577 804 1644 Venerem,
816 1568 892 1647 quod

290 1674 351 1713 non
366 1654 524 1730 debebatur,
547 1655 662 1715 auferre.
693 1655 760 1734 quid
775 1675 827 1732 ego
846 1658 891 1716 hic

292 1761 368 1801 nunc
376 1750 439 1801 Sex.
457 1744 579 1820 Pompeii
596 1741 692 1800 Chlori
706 1739 891 1800 testimonium

288 1829 462 1904 recitem‚qui
470 1826 575 1886 causam
583 1830 639 1903 egit
648 1828 763 1885 Dionis?
777 1829 893 1905 quiom·

289 1913 370 1970 nibus
379 1915 458 1970 rebus
466 1912 606 1971 interfuit?
616 1913 737 1971 hominis
745 1911 890 1970 honestissi-

290 1999 340 2071 mi,
354 1996 455 2056 tamctfi
462 1999 532 2057 civis
541 2003 683 2056 Romanus
697 1997 810 2055 virtutis
825 2016 888 2054 can·

290 2081 430 2161 sajamdiu
442 2083 489 2156 est,
501 2100 592 2142 tamen
605 2084 729 2142 omnium
737 2082 889 2142 Siculorum

289 2171 371 2248 primi
380 2169 579 2228 aenobiliffimi.
603 2166 670 2247 quid
685 2168 889 2246 ipfiusQCae·

289 2255 344 2314 ciiii
354 2255 587 2329 Dionis,hominis
596 2255 784 2332 probatissimi,
799 2274 829 2311 ac
837 2274 889 2333 pu·

289 2339 448 2400 dentiffimi?
459 2342 525 2421 quid
535 2347 569 2401 L.
578 2341 707 2399 Vetecilii
716 2342 837 2417 Liguris,
847 2346 888 2399 Τ.

290 2427 402 2501 Manlii,
414 2428 563 2486 L.Caleni?
576 2446 695 2505 quorum
704 2428 828 2484 omnium
837 2423 888 2484 tes·

289 2512 413 2569 timoniis
429 2513 462 2570 de
481 2516 531 2572 hac
545 2514 645 2571 Dionis
661 2515 777 2590 pecunia
787 2510 889 2570 confir·

289 2596 447 2655 matumcst.
471 2596 682 2655 dixithocidcm
692 2598 891 2673 M.Lucullus,

289 2680 406 2741 sedebis
417 2684 516 2740 Dionis
532 2683 717 2741 incommodis
738 2681 889 2761 prohospi·

287 2768 341 2840 tio,
351 2767 424 2845 quod
434 2765 480 2826 fibi
488 2788 551 2826 cum
558 2788 593 2825 co
601 2765 675 2842 esset,
685 2769 741 2844 jam
751 2784 815 2826 ante
822 2788 889 2845 cog·

291 2852 379 2912 nbffc.
394 2852 474 2929 quid?
485 2853 627 2928 Lucullus,
635 2857 684 2931 qui
693 2869 749 2912 tum
759 2856 788 2911 in
796 2861 889 2912 Mace·

289 2938 374 2998 donia
383 2939 445 3012 fuit,
456 2939 552 2998 melius
568 2944 635 2998 haec
649 2943 794 3014 cognovit,
805 2959 889 3018 quam

290 3040 332 3097 tu,
345 3025 485 3099 Hortenfi,
498 3028 545 3104 qui
554 3024 748 3084 Romaefuisti?
764 3025 798 3083 ad
806 3045 889 3103 quem

289 3112 347 3169 Dio
365 3110 512 3189 confugit?
535 3114 582 3190 qui
602 3113 636 3170 de
653 3113 754 3170 Dionis
777 3112 888 3186 injuriis

276 3198 436 3266 gravissime
442 3198 756 3277 perliterascumVerre
763 3195 889 3273 quaestus

263 3292 300 3332 ‘S
310 3278 327 3334 ‚³
335 3301 420 3344 nova
437 3286 492 3345 tibi
510 3289 580 3347 hacc
596 3283 712 3360 [onnes
726 3282 887 3363 inoninnmi
